4009 5859
2067 413 2197 509 298

1912 503 1962 510 .-
1999 504 2057 509 -—

686 592 1048 680 scharpelli,
1107 628 1190 637 —
1239 593 1555 679 promisit,
1608 630 1690 638 —
1740 591 1909 676 quod
1958 593 2100 679 ipse
2146 592 2448 659 Julianus
2494 592 2816 659 laborabit
2863 633 2946 642 -—
2998 592 3221 660 decem
3265 594 3570 660 bracchia

686 709 931 796 quadra
982 707 1271 796 lapidum
1328 708 1717 774 feminarum
1772 731 1885 794 pro
1935 709 2110 794 logia
2178 743 2260 754 --
2333 710 2418 774 ad
2465 710 2624 775 illud
2671 711 3024 776 modellum
3068 722 3132 776 et
3180 711 3564 797 exemplare,

682 826 856 913 quod
924 835 1023 891 est
1103 825 1172 889 in
1248 823 1423 908 logia
1490 823 1850 908 antedicta,
1937 834 2001 889 et
2087 825 2384 910 promisit
2461 825 2614 891 dare
2691 827 3012 914 completa
3096 827 3270 893 dicta
3345 827 3566 892 decem

681 941 948 1007 brachia
992 941 1147 1006 hino
1193 941 1275 1005 ad
1322 963 1438 1028 per
1486 949 1691 1004 totum
1740 964 2031 1006 mensem
2077 941 2326 1026 Martii,
2377 944 2668 1028 proxime
2716 943 3019 1009 futurum.
3072 980 3154 990 —
3201 941 3290 1008 Et
3335 967 3370 1008 e
3419 966 3565 1008 con-

678 1081 866 1123 uerso
914 1057 1146 1144 prefati
1192 1059 1465 1144 operarii
1518 1092 1601 1100 —
1647 1058 2083 1143 promiserunt
2131 1098 2214 1107 -—
2264 1081 2334 1124 se
2383 1058 2644 1124 daturos
2693 1070 2757 1124 et
2803 1069 3198 1146 prestaturos
3245 1082 3467 1124 omnes
3501 1069 3566 1124 et

680 1174 969 1259 singulos
1016 1173 1265 1260 lapides
1318 1209 1400 1218 -
1448 1183 1511 1238 et
1560 1174 1810 1240 soluere
1859 1173 2070 1239 eidem
2118 1176 2428 1260 magistro
2477 1199 2591 1262 pro
2638 1177 2928 1262 quolibet
2971 1175 3273 1242 bracchio
3321 1175 3562 1262 quadro

678 1289 914 1356 libram
962 1313 1155 1355 unam
1203 1300 1268 1355 et
1296 1290 1553 1356 solidos
1603 1300 1916 1376 quactuor
1960 1291 2003 1356 f.
2040 1313 2100 1376 p.

898 1483 1010 1552 54.
1082 1487 1214 1553 Die
1256 1488 1562 1554 XXIIII
1595 1491 1824 1553 mensio
1874 1488 2226 1554 Februarii
2267 1485 2353 1574 (a.
2389 1513 2446 1555 a.
2481 1487 2560 1556 Ο.
2593 1513 2655 1578 p.
2699 1488 2880 1575 13b).

902 1620 1326 1687 Aldobrando
1358 1621 1403 1687 J
1406 1621 1655 1706 achobi‚
1692 1623 2002 1708 magistro
2013 1675 2029 1708 ,
2079 1624 2190 1709 qui
2233 1623 2391 1689 facit
2434 1624 2684 1711 lapides
2717 1620 3155 1710 femmin(eas)
3199 1647 3316 1712 pro
3363 1625 3556 1710 logia,

676 1738 877 1804 libras
931 1739 1011 1802 15
1060 1738 1102 1803 f.
1140 1761 1201 1825 p.

895 1853 1295 1919 Francischo
1348 1907 1360 1920 .
1404 1907 1416 1920 .
1456 1907 1468 1919 .
1510 1906 1523 1920 .
1575 1855 1975 1940 stauigliario
2046 1851 2225 1940 (sic),
2294 1857 2404 1941 qui
2475 1856 2660 1921 fulcit
2713 1858 2955 1942 logiam
3010 1857 3088 1921 de
3145 1857 3556 1942 embrioibuS,

675 1968 951 2035 florenos
999 1970 1106 2035 50.

894 2164 1006 2232 55.
1077 2169 1206 2234 Die
1252 2170 1387 2235 XX
1410 2170 1617 2236 VIIII
1653 2174 1883 2236 mensis
1928 2173 2162 2236 Asartii
2207 2177 2375 2235 1381
2428 2167 2513 2251 (a.
2549 2195 2605 2236 a.
2641 2169 2720 2236 Ο.
2754 2195 2815 2259 p.
2855 2169 3033 2257 17a).

898 2302 1067 2367 Item
1123 2303 1414 2368 fecerunt
1470 2338 1553 2348 -—
1611 2305 1846 2370 salaria
1901 2307 2210 2390 magistro
2256 2306 2550 2372 Jachobo
2597 2306 2798 2392 Pieri,
2859 2309 2968 2393 qui
3014 2307 3171 2373 facit
3217 2331 3396 2372 arma
3442 2331 3556 2394 pro

676 2418 875 2503 logia3
940 2418 1177 2484 habeat
1224 2430 1290 2486 et
1333 2421 1573 2485 habere
1622 2420 1854 2486 debeat
1898 2445 2014 2508 pro
2061 2423 2350 2508 quolibet
2395 2423 2531 2508 die,
2592 2447 2716 2509 quo
2763 2424 3084 2489 laborauit
3131 2435 3195 2489 et
3238 2422 3560 2489 laborabit

672 2534 740 2597 in
788 2533 960 2599 dioto
1008 2557 1201 2622 opere
1247 2535 1415 2621 logie
1464 2561 1503 2601 a
1550 2537 1653 2603 die
1702 2539 1907 2624 primo
1952 2540 2196 2604 mensis
2228 2539 2466 2624 Martii,
2519 2541 2808 2626 proxime
2839 2542 3148 2628 preteriti,
3197 2539 3286 2622 (d.
3319 2540 3384 2605 h.
3419 2541 3557 2605 also

675 2646 875 2733 1381)
922 2673 1124 2738 usque
1170 2652 1253 2717 ad
1303 2652 1475 2717 diem
1524 2655 1803 2741 primum
1849 2655 2092 2720 mensis
2140 2655 2378 2740 Martii,
2429 2658 2721 2742 proxime
2757 2657 3030 2740 uenturi,
3081 2657 3236 2721 anni
3273 2656 3440 2721 1381
3457 2650 3558 2739 (2)

666 2765 973 2830 uidelicet
1018 2767 1258 2833 solidos
1308 2767 1677 2834 decemooto
1723 2770 1767 2834 f.
1801 2793 1863 2856 p.
1915 2793 2030 2856 pro
2078 2771 2366 2857 quolibet
2413 2771 2535 2856 die,
2587 2782 2658 2837 ut
2704 2773 2948 2838 dictum
2995 2783 3112 2839 est.

894 2963 1010 3030 56.
1085 2965 1214 3030 Die
1258 2969 1531 3031 secundo
1578 2973 1809 3033 mensis
1856 2968 2110 3056 Aprilis
2155 2965 2240 3054 (a.
2276 2993 2333 3035 a.
2369 2966 2448 3035 Ο.
2484 2993 2546 3056 p.
2587 2967 2771 3055 17b).

891 3099 1058 3164 Item
1116 3100 1314 3165 simili
1362 3100 1554 3166 modo
1602 3113 1667 3167 et
1711 3103 1917 3168 forma
1962 3102 2509 3188 deliberauerunt‚
2572 3105 2741 3190 quod
2793 3129 2895 3171 ser
2939 3105 3151 3171 Roma
3194 3106 3442 3172 Bartoli
3490 3115 3555 3171 et

667 3215 969 3281 Andreas
1014 3216 1352 3282 Niccholai
1386 3218 1565 3298 Nini,
1618 3217 2078 3304 proueditores,
2129 3221 2382 3306 possint
2427 3231 2492 3285 et
2536 3221 2797 3286 ualeant
2841 3245 3052 3287 emere
3101 3222 3180 3286 de
3228 3221 3552 3288 assidibus

668 3333 960 3417 eastagni
1014 3355 1131 3419 pro
1186 3343 1356 3398 tecto
1410 3333 1581 3418 logie
1628 3334 1927 3400 omnibus
1978 3337 2274 3421 suptibus
2323 3332 2474 3421 (sic)
2522 3347 2586 3401 et
2632 3339 2936 3424 expensis
2982 3337 3037 3402 F
3040 3339 3317 3404 ranoisei
3363 3337 3549 3425 Lapi,

667 3448 1045 3534 legniauoli,
1105 3449 1409 3518 uidelicet
1464 3451 1546 3514 ab
1593 3451 1705 3515 illo
1752 3453 1987 3538 preti0,
2053 3475 2245 3538 super
2291 3476 2416 3539 quo
2463 3454 2603 3539 ipse
2651 3452 3082 3520 Francisohus
3133 3455 3410 3521 debebat
3455 3476 3550 3518 re-

668 3565 880 3650 cipere
935 3587 975 3630 a
1030 3565 1203 3629 dioto
1259 3588 1475 3652 opere,
1538 3569 1691 3653 quia
1734 3571 1876 3656 ipse
1922 3568 2355 3636 Francisohus
2403 3572 2700 3657 promisit
2744 3572 2972 3637 fulcire
3021 3572 3266 3636 dictum
3312 3581 3553 3637 tectum

667 3691 731 3744 et
776 3703 909 3746 non
952 3680 1207 3747 fulciuit
1252 3683 1321 3748 in
1367 3684 1745 3768 terminum3
1796 3686 2100 3751 uidelicet
2145 3689 2399 3772 possint
2447 3711 2658 3754 emere
2706 3688 2870 3772 illas,
2922 3711 3046 3774 que
3094 3687 3402 3753 deficiunt
3431 3710 3550 3774 pro

666 3795 837 3861 dicto
884 3805 1054 3862 tecto
1104 3805 1169 3862 et
1217 3822 1347 3864 non
1394 3799 1583 3866 ultra.
1840 3789 1851 3800 ⁵

888 3993 996 4060 57.
1068 3996 1198 4060 Die
1242 3998 1310 4062 X
1330 3997 1504 4064 VIII
1538 4003 1771 4064 mensi&
1815 4000 2070 4088 Aprilis
2117 3997 2201 4085 (a.
2237 4025 2292 4068 a.
2330 4001 2409 4068 O.
2442 4026 2506 4090 p.
2545 4004 2625 4069 18
2641 4001 2732 4086 b).

886 4128 1224 4194 Antonino
1257 4130 1611 4214 Francisei,
1662 4134 1968 4218 magistro
2002 4134 2367 4222 seharpelli,
2401 4159 2516 4224 pro
2550 4136 2826 4222 quadam
2859 4161 2976 4202 sua
3006 4139 3272 4221 ratione,
3309 4138 3550 4224 scripta

664 4246 731 4308 in
779 4245 951 4334 libro
992 4245 1162 4330 logie
1210 4269 1265 4311 a.
1300 4269 1353 4312 e.
1405 4249 1510 4332 55,
1561 4248 1835 4314 florenos
1883 4251 1967 4316 26
2016 4252 2173 4335 auri,
2226 4252 2466 4318 solidos
2515 4255 2575 4337 5,
2627 4251 2926 4318 denarios
2975 4265 3286 4340 quantuor
3329 4252 3374 4318 f.
3408 4275 3469 4338 p.

886 4439 1002 4506 58.
1074 4443 1203 4507 Die
1246 4445 1313 4509 X
1334 4444 1545 4510 VIIII
1579 4449 1809 4510 mensis
1856 4447 2110 4532 Aprilis
2157 4445 2242 4530 (a.
2279 4472 2333 4513 a.
2370 4446 2448 4514 Ο.
2480 4471 2543 4536 p.
2584 4446 2762 4533 19a).

887 4577 1055 4641 Item
1102 4578 1297 4642 simili
1346 4578 1536 4642 modo
1584 4588 1649 4643 et
1692 4578 1900 4644 forma
1945 4580 2467 4647 deliberauerunt
2513 4593 2576 4647 et
2622 4583 3102 4668 ordinauerunt,
3158 4584 3331 4670 quod
3375 4583 3543 4650 Lau-

664 4691 909 4756 rentius
955 4691 1009 4756 F
1012 4692 1225 4778 ilippi,
1278 4694 1797 4780 capudmagister
1842 4697 2040 4783 logie,
2102 4700 2308 4785 possit
2353 4701 2618 4765 mietere
2663 4710 2796 4766 tres
2843 4702 3189 4787 magistros
3237 4702 3320 4766 ad
3365 4702 3543 4767 labo-

660 4807 935 4872 randum
982 4809 1049 4872 in
1097 4831 1286 4896 opere
1333 4809 1521 4896 logie,
1574 4812 1877 4878 uidelicet
1923 4814 2323 4881 solummodo
2366 4815 2450 4880 acl
2482 4815 2978 4882 desarmandum
3012 4818 3252 4883 dietam
3281 4817 3542 4903 logiam.

886 4992 1001 5060 59.
1076 4997 1201 5061 Die
1266 4997 1359 5065 VI
1394 5002 1625 5063 mensis
1676 5001 1845 5065 Maii
1886 4996 1971 5085 (a.
2006 5024 2064 5066 a.
2101 4998 2179 5065 O.
2214 5025 2276 5088 p.
2312 5001 2492 5085 2022).

884 5124 1003 5194 Ser
1046 5129 1253 5196 Rome
1297 5131 1547 5197 Bartoli
1612 5156 1729 5221 pro
1800 5134 2112 5219 denariiS,
2185 5159 2300 5222 per
2354 5159 2498 5200 eum
2553 5139 2857 5222 expensis
2904 5140 2972 5202 in
3019 5142 3295 5224 negotiis
3342 5140 3534 5226 logie,

661 5243 965 5310 uidelicet
1019 5247 1087 5311 in
1142 5260 1284 5312 octo
1346 5248 1665 5334 chauiglis
1722 5261 1787 5314 et
1842 5273 1955 5336 pro
2015 5251 2360 5316 reactando
2409 5254 2770 5318 carucolam
2819 5253 2898 5317 de
2947 5277 3114 5340 aqua
3159 5254 3400 5321 solidos
3451 5257 3533 5320 15
