4009 5859
1860 389 1986 452 227

483 568 791 651 secuturi,
856 567 922 631 in
971 575 1162 630 antea
1207 565 1408 630 finitis
1456 565 1856 652 quibuslibet
1903 566 2153 632 duobus
2203 567 2534 632 mensibus
2584 567 2880 632 uideatur
2924 591 3041 654 per
3088 592 3366 634 camera-

373 693 383 698 “
482 684 650 749 rium
707 693 770 748 et
825 706 938 749 seu
986 682 1320 747 scribanos
1371 682 1474 746 uel
1520 682 1920 768 prouisorem
1969 705 2219 748 camere
2268 683 2425 747 dicti
2473 683 2763 748 comunis
2814 682 3157 770 diligenter
3202 687 3364 751 ratio

483 809 548 863 et
607 808 944 885 computus
1004 797 1084 862 de
1137 798 1441 883 pecunia,
1515 798 1834 863 existente
1890 821 2004 864 seu
2075 821 2217 864 esse
2289 798 2563 865 debente
2611 809 2765 864 tunc
2812 801 2881 865 in
2929 801 3102 866 dicta
3148 824 3361 888 capsa,

485 943 568 960 --·
616 925 680 982 et
723 915 892 980 facto
941 914 1283 1000 diligenter
1329 913 1574 978 calculo
1625 914 1704 979 de
1751 914 2079 1000 predictis,
2131 925 2269 980 tota
2313 917 2604 1001 pecunia,
2656 915 3235 1002 superhabundans
3284 941 3365 982 ex

480 1054 574 1114 ea,
626 1053 748 1117 que
795 1031 988 1095 fuerit
1035 1053 1147 1095 seu
1195 1053 1337 1096 esse
1380 1030 1674 1095 debuerit
1704 1054 1906 1117 usque
1953 1041 2109 1096 tunc
2154 1032 2225 1095 in
2262 1031 2437 1096 dicta
2470 1055 2683 1119 capsa,
2724 1033 2891 1098 ultra
2924 1033 3129 1099 dictas
3160 1058 3362 1121 pagas

483 1158 547 1212 et
593 1148 856 1230 salaria,
921 1169 1121 1232 usque
1169 1157 1322 1212 tunc
1370 1146 1623 1212 debitas
1673 1127 1736 1212 et
1785 1146 2021 1230 debita,
2074 1157 2145 1211 ut
2190 1148 2534 1234 prefertur,
2598 1148 2785 1213 detur
2832 1159 2896 1214 et
2942 1150 3231 1214 soluatur
3279 1186 3360 1194 —

481 1286 596 1350 per
654 1265 827 1350 ipsos
886 1265 1272 1328 camerarios
1333 1286 1584 1329 camere
1641 1286 1757 1350 pro
1804 1264 2273 1329 restauratione
2321 1275 2387 1329 et
2432 1287 2546 1331 seu
2591 1266 2999 1331 restitutione
3046 1266 3362 1352 predicto,-

480 1405 642 1446 rum.
695 1421 774 1430 --
829 1416 910 1424 -
958 1380 1048 1444 Et
1104 1379 1276 1466 quod
1333 1381 1428 1444 sic
1489 1391 1555 1445 et
1606 1379 1798 1445 modo
1845 1378 2138 1466 predicto
2188 1381 2554 1446 successiue
2604 1381 2682 1446 de
2732 1381 2982 1447 duobus
3029 1383 3362 1448 mensibus

480 1497 548 1561 in
619 1495 778 1560 duos
849 1519 1106 1561 menses
1175 1498 1319 1578 fiat,
1395 1497 1681 1561 soluatur
1736 1508 1800 1561 et
1847 1519 1993 1562 cum
2043 1496 2275 1562 effectu
2322 1499 2700 1564 obseruetur
2744 1499 2825 1564 de
2866 1499 3046 1578 ,dicta
3090 1501 3365 1587 pecunia

482 1612 1120 1700 superhabundante,
1173 1649 1256 1658 -—-
1305 1614 1510 1678 donec
1559 1613 1730 1678 dicto
1781 1615 2131 1678 camerario
2180 1636 2371 1700 opere
2416 1615 2613 1680 fuerit
2656 1610 2809 1698 (sic)
2856 1616 3104 1699 integre
3152 1615 3365 1680 soluta

481 1740 545 1794 et
591 1729 741 1794 data
788 1729 962 1794 dicta
1006 1739 1150 1794 octo
1196 1730 1380 1794 milia
1423 1729 1813 1794 florenorum
1859 1731 2000 1794 auri
2052 1740 2171 1795 cet.

697 1846 866 1911 Item
912 1845 1085 1931 quod
1130 1846 1412 1911 maxime
1457 1869 1574 1932 pro
1624 1847 2148 1932 compensatione
2196 1846 2487 1934 predicta
2532 1846 2917 1932 lignamina,
2976 1848 3364 1913 ferramenta

480 1972 545 2026 et
590 1962 838 2049 lapides
889 1962 1402 2048 supradictarum
1451 1961 1801 2046 domorum,
1853 1973 2293 2048 apotecarum‚
2351 1962 2774 2029 fundacorum
2822 1974 2887 2030 et
2932 1964 3207 2028 aliorum
3252 1964 3360 2028 he-

481 2079 857 2163 difitiorum,
907 2102 1023 2165 pro
1071 2079 1487 2165 ampliatione
1533 2053 1745 2164 platee
1794 2078 2284 2164 destructorum,
2335 2102 2416 2144 ex
2462 2102 2635 2144 nunc
2680 2080 3095 2164 assignentur
3144 2118 3225 2126 —
3276 2117 3358 2125 —-

479 2218 670 2283 opere
727 2195 1121 2282 supradicte,
1185 2206 1249 2260 et
1295 2195 1530 2260 exinde
1579 2205 1644 2260 et
1692 2195 1771 2261 de
1819 2197 1912 2260 eis
1959 2196 2237 2281 operarii
2285 2195 2457 2261 dicte
2504 2219 2693 2283 opere
2742 2197 2995 2283 possint
3039 2197 3251 2263 facere
3299 2208 3363 2264 et

479 2313 822 2400 disponere
870 2335 984 2400 pro
1034 2313 1210 2378 dicta
1253 2335 1449 2398 opera
1495 2321 1702 2377 totum
1748 2323 1828 2396 et,
1881 2312 2189 2399 quicquid
2236 2313 2331 2378 eis
2378 2313 2693 2399 placuerit
2739 2323 2857 2378 cet.
2908 2323 3028 2378 cet.

704 2473 852 2540 137.
923 2477 1114 2540 Anno
1165 2482 1340 2540 1386
1376 2471 1541 2559 (87),
1603 2478 1948 2541 indictione
1995 2483 2103 2555 10,
2173 2477 2275 2540 die
2326 2483 2363 2539 7
2409 2479 2637 2540 mensis
2684 2476 3028 2541 Februarii
3079 2473 3357 2561 (Provis.

475 2592 624 2656 filza
673 2593 754 2657 76
803 2615 864 2676 p.
899 2587 1130 2674 217a).

700 2715 935 2781 Petitio
985 2719 1025 2782 6
1073 2717 1419 2800 artificum,
1481 2716 1651 2802 quod
1699 2718 1740 2782 6
1787 2718 2067 2782 artifices
2116 2727 2180 2782 et
2234 2728 2621 2782 mercatores
2670 2719 3007 2783 occasione
3055 2719 3357 2784 laborerii

478 2843 542 2898 et
588 2833 1002 2919 ampliatione
1049 2833 1261 2918 platee
1308 2833 1531 2919 palatii
1582 2873 1664 2881 —
1715 2843 1846 2897 tam
1892 2833 1962 2897 in
2009 2834 2295 2919 apotecis
2344 2844 2407 2898 et
2449 2832 2757 2900 hedifitiis
2791 2833 3133 2899 destructis
3166 2857 3359 2921 quam

475 2949 758 3035 ipsorum
831 2950 1169 3014 occasione
1241 2958 1305 3013 et
1371 2971 1486 3035 pro
1545 2949 1907 3034 intraturis,
1981 2973 2141 3035 quas
2165 3035 2173 3040 “
2198 2949 2551 3034 habebant,
2623 2949 2863 3015 fuerint
2917 2951 3359 3036 multipliciter

476 3065 870 3130 dannificati.
922 3105 1005 3114 —-
1063 3062 1499 3152 Supplicatur‚
1574 3065 1746 3151 quod
1815 3066 2113 3130 consules
2184 3067 2341 3132 artis
2399 3065 2579 3130 Lane
2650 3090 2778 3130 una
2847 3089 2993 3131 cum
3048 3067 3357 3152 operariis

476 3204 665 3268 opere
725 3204 839 3246 seu
897 3180 1141 3247 fabrice
1197 3183 1460 3248 maioris
1518 3182 1790 3248 ecclesie
1846 3182 2175 3247 Florentie
2246 3223 2329 3231 —
2400 3181 2842 3268 intelligantur
2893 3183 3048 3248 hinc
3101 3183 3183 3247 ad
3244 3207 3358 3270 per

473 3309 680 3364 totum
733 3321 1022 3364 mensem
1067 3298 1287 3364 Martii
1337 3333 1420 3342 —-
1469 3297 1718 3363 soluere
1769 3333 1851 3342 ——
1901 3296 2383 3364 emendationes
2442 3307 2562 3363 cet.
2655 3300 2787 3362 Am
2831 3297 3051 3363 Rand:
3118 3298 3355 3364 Petitio

473 3415 838 3499 multorum,
889 3439 1004 3502 pro
1052 3414 1370 3480 laborerio
1426 3414 1637 3500 platee
1686 3414 2094 3480 dominorum
2151 3414 2708 3480 dannificatorum.
2760 3455 2843 3463 —
2890 3415 3016 3480 Die
3072 3414 3355 3482 Petition

473 3531 680 3597 bleibt
722 3532 1342 3618 unberi'icksichtigt.

696 3699 846 3768 1⁴38.
916 3701 1106 3768 Anno
1140 3709 1338 3782 1387,
1387 3704 1489 3768 die
1519 3702 1586 3767 X
1604 3703 1699 3768 VI
1717 3707 1945 3767 mensis
1975 3703 2343 3768 Decembris
2374 3698 2621 3790 (Opera
2652 3703 2756 3769 del
2788 3703 3041 3769 Duomo
3088 3702 3237 3768 filza
3269 3703 3355 3768 24

473 3842 534 3906 p.
571 3815 758 3902 2812).

692 3943 860 4009 Item
909 3980 991 3988 —
1041 3943 1578 4028 deliberauerunt,
1629 3943 1800 4030 quod
1844 3944 2235 4009 laborerium
2281 3945 2551 4009 ecclesie
2598 3955 2663 4009 et
2710 3945 2938 4010 domus
2980 3955 3200 4010 sancte
3234 3941 3352 4009 Ce-

439 4041 618 4128 .cssie
666 4063 745 4128 de
789 4062 1123 4128 Florentia
1169 4084 1360 4148 super
1405 4062 1618 4147 platea
1663 4061 2068 4142 dominorum
2114 4062 2401 4148 priorum
2446 4063 2694 4126 locetur
2724 4061 2793 4125 in
2827 4083 3078 4125 summa
3108 4059 3237 4125 illis
3273 4059 3352 4125 de

473 4175 702 4265 Campi
758 4201 874 4265 pro
934 4201 1008 4243 eo
1066 4178 1270 4264 pretio
1327 4189 1391 4242 et
1445 4178 1679 4243 salario
1735 4189 1801 4243 et
1845 4201 1992 4244 cum
2038 4179 2169 4244 illis
2216 4179 2423 4264 pactis
2436 4229 2453 4261 ,
2515 4176 2724 4242 modis
2773 4187 2838 4241 et
2884 4177 3237 4259 conuentis,
3288 4186 3353 4240 et

469 4307 658 4384 prout
703 4306 768 4361 et
813 4296 980 4361 sicut
1026 4294 1244 4359 dicent
1289 4303 1354 4358 et
1400 4294 1618 4358 uolent
1664 4305 1728 4358 et
1774 4294 2196 4359 declarabunt

470 4411 853 4479 Tommasus
903 4411 982 4476 de
1029 4407 1427 4475 Oricellariis
1474 4407 1808 4496 (operaio),

470 4529 800 4608 Lorencus
846 4529 902 4594 F
905 4528 1107 4614 ilippi,
1159 4525 1698 4613 capudmagister5

468 4643 755 4710 Jacobus
800 4643 983 4710 Gerii
1031 4642 1110 4708 de
1155 4641 1449 4709 Risalitis
1495 4639 1817 4728 (provisor
1863 4639 2102 4731 opere),

470 4771 534 4825 et
579 4783 696 4849 per
740 4783 850 4826 eos
896 4762 1012 4826 fiat
1055 4760 1289 4825 locatio
1337 4757 1680 4824 antedicta.

690 4877 821 4941 Die
866 4875 1161 4943 XVIIII
1197 4875 1567 4940 Decembris
1613 4871 1696 4960 (a.
1733 4899 1788 4940 a.
1825 4873 1904 4940 Ο.
1939 4899 2001 4963 p.
2042 4871 2221 4960 3122).

691 4992 858 5057 Item
908 5027 992 5036 -
1038 4992 1414 5058 locauerunt
1461 5001 1524 5056 et
1570 5001 2028 5057 concesserunt

468 5104 818 5279 Lostiet}
863 5107 1216 5192 magistris,
1279 5106 1584 5173 fratribus
1633 5118 1696 5173 et
1739 5108 1894 5172 filiis
1943 5105 2266 5193 quondam
2314 5106 2525 5171 Pieri
2575 5105 2745 5170 dell’
2797 5097 3349 5171 Asserello'de

472 5220 659 5288 Gius
674 5232 747 5287 to
759 5275 775 5308 ,
863 5219 1126 5306 Campi
1159 5222 1239 5286 ad
1271 5223 1668 5308 mutandum,
1707 5222 2140 5289 edificandum
2172 5232 2236 5288 et
2265 5221 2633 5288 faciendum
2668 5221 2747 5286 de
2778 5221 3107 5286 maisterio
3140 5219 3350 5286 solum

2815 5322 2922 5377 29*
