4009 5859
1770 479 1803 482 ψ
1836 393 1977 483 289-

690 569 804 636 28.
876 571 1007 636 Die
1051 573 1289 636 decimo
1340 583 1552 636 octauo
1601 571 1838 658 Ayusti
1879 565 1966 654 (a.
2000 593 2058 634 a.
2094 567 2172 634 O.
2206 591 2271 656 p.
2306 569 2453 646 fib).

685 696 972 762 Predioti
1019 696 1298 784 operarii
1345 731 1430 740 —
1477 696 1856 762 locauerunt
1899 730 1987 742 —
2036 718 2142 760 ser
2186 694 2447 780 Agnolo
2498 692 2705 758 Tralli
2752 693 2831 760 de
2878 705 3088 760 castro
3136 694 3345 759 sancti

461 813 786 900 Nioholay
845 813 1046 879 libras
1103 824 1362 878 centum
1408 813 1640 898 uiginti
1687 812 2063 898 stangarum
2106 809 2259 876 ferri
2273 806 2320 893 ¹)
2364 833 2480 896 pro
2528 809 2775 875 colunis
2823 810 3033 896 loggie
3081 833 3345 896 groseze

463 929 741 1014 modeni,
794 930 873 995 de
921 951 1047 1016 quo
1094 929 1235 1016 ipse
1282 953 1385 996 ser
1417 930 1714 1017 Agnolus
1761 929 1959 994 habet
2005 928 2353 994 modenum
2399 937 2465 992 et
2508 949 2813 992 mensura
2852 922 3004 1012 (sio)
3036 937 3102 993 et
3132 928 3344 994 simile
3464 939 3475 951 ⁰

468 1046 714 1112 habent
759 1047 1046 1133 operarii
1082 1045 1252 1112 dicte
1297 1047 1530 1133 operis.

683 1162 854 1228 Item
899 1165 990 1249 (p.
1027 1159 1144 1246 7a)
1189 1164 1567 1228 locauerunt
1612 1163 1823 1228 eidem
1865 1163 2067 1230 libras
2101 1165 2235 1229 200
2274 1174 2499 1228 catene
2539 1186 2654 1250 pro
2698 1163 2918 1250 loggia
2963 1187 3225 1250 groseze
3266 1165 3345 1232 de

465 1279 745 1367 quodam
813 1280 940 1346 alio
999 1281 1274 1346 modano
1323 1279 1651 1363 suttiliori,
1724 1279 1804 1344 de
1851 1302 1978 1365 quo
2024 1280 2165 1366 ipse
2214 1301 2320 1345 ser
2369 1280 2667 1364 Agnolus
2714 1279 2911 1347 habet
2956 1305 3343 1348 mensuram.
3468 1357 3473 1362 ‚

467 1431 552 1442 -—
598 1395 702 1462 De
748 1398 954 1484 pretio
1001 1418 1153 1462 uero
1201 1396 1508 1462 dittarum
1555 1405 1928 1482 stangarum
1959 1406 2025 1462 et
2056 1407 2279 1462 catene
2322 1396 2480 1462 dicti
2512 1397 2690 1484 operi
2721 1395 2876 1482 (sio3
2910 1397 3013 1463 fiir
3044 1400 3343 1486 operarii)

468 1523 533 1579 et
585 1515 726 1602 ipse
785 1537 890 1580 ser
934 1514 1230 1601 Agnolus
1289 1523 1459 1579 stare
1506 1513 1849 1579 uoluerunt
1894 1512 2328 1578 declaratione
2374 1523 2440 1579 et
2484 1514 2723 1580 iudicio
2770 1525 2837 1582 et
2882 1515 3347 1581 deliberatione

465 1629 788 1698 «Iohannis
831 1631 1078 1717 Agnoli
1125 1628 1450 1717 Capponi3
1523 1641 1588 1696 et
1631 1631 1930 1718 promisit
1973 1630 2149 1696 idem
2196 1655 2300 1698 ser
2346 1633 2671 1716 Agnolus,
2744 1633 3121 1716 conductor,
3194 1633 3347 1698 dare

470 1747 664 1814 dittas
714 1757 976 1832 stangas
1025 1757 1092 1813 et
1136 1747 1334 1813 dittas
1382 1757 1643 1814 catenas
1690 1743 1842 1832 (sie)
1891 1748 2242 1835 completas
2292 1759 2357 1814 et
2403 1749 2736 1837 expeditas
2784 1748 2937 1814 hino
2983 1747 3067 1814 ad
3108 1772 3223 1836 per
3253 1759 3346 1814 to-

467 1873 600 1929 tam
646 1862 1205 1950 quadragesimam
1248 1864 1530 1929 futuram
1575 1875 1640 1929 et
1685 1863 1999 1950 promisit,
2052 1866 2224 1951 quod
2264 1865 2511 1952 petium
2544 1865 2703 1931 ditte
2735 1865 3007 1951 stanghe
3040 1867 3161 1930 erit
3190 1889 3346 1953 pon-

471 1980 643 2046 deris
691 1979 1001 2045 librarum
1047 1981 1136 2046 90
1181 2003 1221 2045 a
1265 1981 1479 2046 minus
1525 1976 1677 2065 (sic)
1723 2003 1930 2066 usque
1975 1981 2047 2045 in
2097 1983 2243 2047 110.

693 2147 808 2214 29.
883 2151 1010 2215 Die
1053 2154 1357 2236 uiyeeimo
1403 2153 1634 2216 mensio
1682 2153 1919 2238 Ayusti
1959 2147 2045 2236 (a.
2081 2175 2137 2216 a.
2174 2148 2253 2217 O.
2303 2175 2365 2238 p.
2400 2147 2545 2234 9b).

589 2268 598 2276 ’
689 2273 1086 2340 Francisoho
1131 2275 1290 2341 Neri
1336 2275 1651 2360 Fau-delli,
1713 2276 2021 2362 magistro
2069 2277 2311 2363 loggie,
2370 2286 2622 2342 mutuet
2666 2289 2730 2342 et
2775 2286 3068 2342 mutuare
3116 2277 3350 2344 debeat

469 2391 752 2484 florenos·
795 2391 932 2456 auri
980 2414 1095 2456 sex
1140 2388 1252 2475 (ob
1298 2391 1402 2458 fiir
1448 2392 1553 2457 die
1598 2391 1889 2478 Loggia‘?
1938 2392 2049 2457 cfr.
2086 2403 2285 2458 unten
2332 2416 2427 2457 nr.
2464 2393 2599 2470 33).

692 2559 812 2627 30.
884 2560 1013 2626 Die
1057 2573 1227 2625 sea-to
1275 2563 1514 2626 decimo
1565 2560 1954 2648 Septembris
1999 2556 2087 2644 (a.
2120 2583 2177 2626 a.
2214 2557 2292 2638 Ο.
2344 2584 2405 2648 p.
2444 2557 2625 2645 lla).

691 2681 1018 2774 (Operarii
1078 2721 1161 2732 --
1220 2681 1796 2770 deliberauerunt),
1857 2727 1941 2735 —
2001 2685 2175 2772 quod
2220 2685 2483 2751 Nostius
2528 2686 2855 2773 predictus
2903 2683 3351 2772 (camerarius)

472 2803 582 2869 det
635 2812 701 2868 et
742 2813 992 2868 mutuet
1041 2839 1122 2851 ——
1172 2798 1421 2868 Simoni
1468 2801 1802 2868 Francisci
1852 2801 2107 2868 Talenti
2155 2801 2431 2868 florenos
2480 2802 2849 2888 quindecim
2895 2805 3061 2886 auri,
3118 2805 3213 2869 ita
3256 2815 3349 2870 ta-

471 2942 621 2985 men
675 2941 823 2984 cum
879 2943 956 2984 ea
1003 2919 1426 3003 condittione‚
1485 2919 1657 3006 quod
1705 2918 1916 2984 dictus
1965 2915 2193 2984 Simon
2240 2919 2507 2984 abeatur
2552 2930 2618 2986 et
2662 2921 2749 2986 sit
2794 2921 3233 3007 condepnatus
3278 2923 3351 2987 in

471 3038 672 3105 libras
720 3037 809 3104 50
850 3036 894 3103 f.
929 3060 1011 3124 p.‚
1061 3039 1154 3102 ita
1198 3048 1416 3103 tamen
1463 3038 1654 3125 quod,
1706 3039 1761 3104 si
1812 3037 2063 3102 dederit
2108 3036 2432 3123 quandam
2478 3035 2823 3102 colunnam
2870 3039 3192 3124 expletam
3235 3061 3352 3126 per

471 3161 677 3218 totum
733 3154 887 3236 (sio3
936 3154 1256 3230 mensem)
1303 3154 1618 3238 Ottubris,
1676 3154 1969 3241 proxime
2016 3154 2241 3237 futuri,
2301 3163 2373 3218 ut
2418 3177 2457 3218 a
2503 3153 3013 3240 condepnatione
3061 3156 3147 3220 sit
3191 3155 3347 3220 libe-
3410 3215 3419 3226 .

471 3295 614 3334 rum
658 3279 724 3336 et
767 3271 1152 3337 absolutum.

697 3440 802 3507 31.
873 3441 1006 3506 Die
1050 3448 1135 3505 12
1185 3445 1412 3507 mensis
1464 3441 1747 3507 Ottubris
1793 3435 1879 3524 (a.
1915 3463 1971 3506 a.
2008 3437 2087 3505 Ο.
2136 3462 2197 3526 p.
2237 3435 2419 3523 1522).

641 3589 648 3594 ·
695 3562 816 3631 Ser
846 3566 1103 3650 Agnolo
1136 3564 1343 3630 Trulli
1387 3565 1665 3631 florenos
1701 3568 1831 3632 150
1862 3567 1999 3630 auri
2046 3562 2245 3649 (wohl
2275 3563 2379 3629 fiir
2424 3564 2528 3630 die
2576 3563 2849 3650 stanghe
2898 3564 3032 3630 und
3073 3559 3345 3648 catene).

692 3736 805 3803 32.
877 3737 1007 3802 Die
1054 3750 1286 3823 quarta
1329 3740 1558 3802 mensis
1603 3737 1986 3803 Nouembris
2033 3734 2118 3821 (a.
2154 3761 2209 3800 a.
2245 3734 2323 3801 O.
2370 3757 2433 3822 p.
2474 3737 2554 3800 19
2570 3731 2656 3818 a).

692 3871 859 3937 Item
915 3873 1112 3937 simili
1171 3872 1358 3937 modo
1417 3872 1960 3956 deliberauerunt,
2021 3871 2195 3957 quod
2250 3867 2475 3936 Simon
2520 3869 2574 3935 F
2578 3870 2857 3935 ranoisei
2888 3869 3159 3960 ,Talenti
3217 3892 3350 3935 non

468 3989 678 4075 possit
743 4011 864 4054 nec
912 3988 1144 4056 debeat
1210 3990 1502 4055 laborare
1549 3990 1618 4053 in
1675 3989 1994 4054 laborerio
2043 3987 2275 4073 loggie,
2326 3989 2466 4073 ipse
2514 3986 2619 4050 uel
2662 3986 2826 4051 alius
2872 4009 2987 4073 pro
3036 4008 3109 4050 eo
3158 3995 3239 4069 et,
3290 3985 3349 4051 si

471 4105 611 4191 ipse
657 4104 763 4169 uel
809 4105 976 4171 alius
1023 4128 1139 4192 pro
1176 4129 1251 4171 eo
1283 4105 1725 4171 laborauerint
1755 4100 1925 4189 (sie),
1975 4128 2109 4170 non
2141 4113 2542 4190 computetur
2572 4104 2640 4167 in
2673 4103 2912 4188 scripto
2944 4097 3349 4185 laborerii(‘?)

473 4245 576 4288 ser
609 4222 834 4307 Rome,
885 4230 950 4286 et
995 4223 1166 4308 quod
1213 4246 1319 4289 ser
1347 4221 1556 4287 Roma
1602 4217 2066 4309 (proveditore)
2114 4243 2259 4286 eum
2306 4243 2437 4284 non
2482 4218 2814 4306 permittat
2858 4217 3171 4302 laborare,
3220 4217 3348 4283 nisi

471 4339 678 4425 primo
734 4349 799 4404 et
853 4348 1002 4405 ante
1058 4340 1276 4404 omnia
1331 4339 1472 4425 ipse
1519 4335 1744 4404 Simon
1800 4349 1976 4424 patto
2034 4347 2099 4402 et
2145 4335 2487 4403 eoncordia
2534 4359 2681 4400 cum
2728 4335 2918 4400 dictis
2966 4333 3177 4420 operis
3224 4329 3349 4416 (sic

469 4456 573 4521 fiir
617 4453 956 4542 operariis)
1003 4455 1185 4522 dabit
1230 4456 1512 4520 oulunna
1554 4451 1727 4541 (sio),
1779 4478 1894 4542 per
1940 4477 2088 4520 eum
2132 4450 2374 4536 fatta2).

692 4572 794 4638 Im
823 4571 1189 4638 Ansehluss
1237 4595 1320 4636 an
1368 4571 1544 4638 diese
1592 4567 1967 4654 (sicherlich
2012 4570 2194 4636 nicht
2238 4593 2310 4636 so
2356 4566 2809 4635 buohstablioh
2850 4591 2929 4631 zu
2959 4559 3348 4648 nehmende)

472 4687 849 4775 Verft'igung
896 4690 1008 4754 cfr.
1057 4688 1434 4754 Dokument
1465 4686 1633 4753 VIII
1677 4687 1754 4752 B.
1803 4711 1900 4753 nr.
1937 4689 2025 4752 48
2072 4710 2221 4752 vom
2272 4686 2374 4751 18.
2414 4683 2785 4750 November
2833 4683 3025 4748 1379.

697 4859 807 4927 33.
879 4861 1008 4926 Die
1051 4864 1354 4948 uiqesimo
1405 4872 1614 4926 ottavo
1660 4857 2043 4924 Nouembris
2089 4854 2175 4941 (a.
2210 4879 2267 4921 a.
2302 4851 2380 4921 Ο.
2424 4878 2484 4941 p.
2521 4854 2602 4919 21
2618 4847 2703 4936 a).

697 4992 995 5080 Operarii
1071 5029 1156 5038 —
1225 4993 1776 5077 deliberauerunt‚
1848 4990 2024 5077 quod
2076 4989 2339 5056 Nofrius
2410 4988 2519 5054 det
2574 4996 2639 5052 et
2694 4985 2906 5052 soluat
2948 4983 3346 5051 Franciseho
3440 5055 3449 5062 ¹

652 5170 693 5236 ¹)
731 5167 860 5222 ferr:
897 5166 1115 5221 =ferri
1151 5165 1285 5222 oder
1319 5165 1629 5221 ferrearum.

653 5255 696 5325 ²)
731 5257 836 5310 Die
871 5253 1134 5324 Urkqnde
1169 5255 1243 5310 ist
1277 5253 1651 5309 verstfimmelt
1685 5253 1796 5308 und
1834 5252 2039 5308 schwer
2072 5252 2271 5308 lesbar.

582 5347 749 5399 ray,
778 5349 850 5387 dio
877 5347 1050 5397 boggis
1078 5347 1146 5386 del
1174 5345 1365 5396 signori.
2818 5338 2885 5392 37
