4009 5859
1823 405 1949 468 ‘287

665 585 771 651 12.
844 587 974 650 Βία
1017 585 1241 650 XXII
1275 586 1505 648 mensis
1553 583 1724 648 Maii
1767 589 1942 647 1377
1990 578 2077 667 (a.
2111 604 2168 646 a.
2205 577 2283 644 Ο.
2333 603 2394 666 p.
2424 575 2609 664 27b).

666 713 832 777 Item
878 705 1213 798 (operarii)
1283 710 1454 775 dioto
1523 709 1713 776 modo
1785 718 1851 773 et
1906 707 2115 772 forma
2160 705 2700 788 deliberauerunt,
2773 706 2943 792 quod
2991 693 3106 792 pro
3152 707 3325 792 logia

445 830 572 895 emi
617 829 826 917 possit
871 829 1104 913 uiginti
1151 827 1441 894 sistorias
1489 836 1555 892 et
1599 827 1784 910 ultra,
1835 827 1893 891 si
1939 848 2101 911 opus
2147 823 2357 889 fuerit.

670 1000 775 1067 13.
847 1001 978 1066 Die
1023 1003 1202 1065 tertio
1251 1003 1480 1064 mensis
1527 999 1730 1064 Junii.
1812 995 1945 1062 Cfr.
1994 996 2371 1062 Dokument
2414 993 2659 1060 VIIIB
2708 1018 2803 1059 nr.
2840 994 2945 1059 25.

670 1170 777 1238 14.
851 1173 980 1238 Die
1023 1195 1190 1236 nono
1236 1174 1465 1236 mensis
1510 1171 1702 1234 Junii
1742 1164 1827 1253 (a.
1863 1193 1919 1234 a.
1954 1165 2034 1232 O.
2084 1191 2144 1254 p.
2174 1163 2365 1250 30b).

670 1299 920 1365 Jacobo
969 1295 1170 1380 Gerii,
1221 1295 1614 1384 proueditori
1661 1295 1848 1380 logie,
1907 1317 2023 1380 pro
2071 1294 2394 1381 expensiS,
2450 1315 2565 1380 per
2612 1315 2759 1358 eum
2804 1291 3007 1358 factis⁴
3040 1292 3111 1357 in
3158 1290 3331 1356 dicta

449 1416 666 1504 loggia
711 1424 775 1481 et
821 1437 1031 1502 opere,
1081 1415 1281 1480 libras
1331 1415 1390 1498 3,
1441 1412 1682 1478 solidos
1733 1413 1835 1496 12,
1887 1411 2186 1477 denarios
2236 1411 2297 1476 2.

675 1583 782 1652 15.
856 1586 986 1651 Die
1028 1585 1096 1650 X
1117 1584 1290 1651 VIII
1324 1584 1530 1648 Junii.
1611 1579 1744 1648 Cfr.
1778 1581 2156 1648 Dokument
2198 1579 2363 1646 VIII
2389 1580 2464 1647 B.
2512 1605 2610 1646 nr.
2639 1581 2744 1646 28.

678 1752 788 1821 16.
861 1757 990 1822 Die
1035 1761 1121 1820 26
1170 1755 1358 1820 Junii
1399 1751 1485 1839 (a.
1521 1777 1577 1818 a.
1612 1753 1690 1819 O.
1739 1776 1800 1840 p.
1827 1748 2008 1836 3512).
2086 1815 2099 1826 ,

680 1917 762 1926 -
811 1879 1004 1961 Quod
1047 1880 1329 1965 Miglori,
1375 1879 1576 1964 fabro,
1629 1880 1738 1944 det
1783 1888 1849 1945 et
1894 1880 2106 1944 soluat
2152 1901 2267 1966 pro
2328 1879 2703 1966 arpionibus
2759 1876 2949 1961 logie,
3008 1897 3123 1962 pro
3180 1897 3333 1960 quo-

453 1999 616 2066 libet
663 1997 904 2064 solidos
956 1999 1040 2063 10
1084 1996 1126 2062 f.
1161 2021 1222 2084 p.

681 2167 781 2233 17.
852 2170 983 2234 Βία
1026 2169 1209 2234 XVI
1243 2169 1414 2232 Julii
1457 2175 1632 2232 1377
1678 2163 1764 2251 (a.
1800 2191 1856 2231 a.
1892 2163 1971 2230 Ο.
2022 2167 2170 2232 filza
2216 2167 2257 2232 8
2306 2190 2367 2253 p.
2404 2162 2540 2250 3a).

680 2294 930 2360 Jacobo
979 2293 1164 2358 Pauli
1216 2344 1437 2358 .....
1487 2287 1784 2376 (Liicke),
1833 2292 2035 2358 libras
2084 2291 2243 2357 duas
2305 2315 2421 2378 pro
2480 2315 2611 2355 una
2665 2291 2796 2376 pila
2848 2290 3174 2374 macingni
3222 2311 3335 2375 pro

459 2411 705 2476 fabrica
751 2408 924 2474 dioto
972 2408 1150 2495 operi
1195 2409 1395 2494 logee.

681 2526 848 2592 Item
895 2524 1064 2612 quod
1112 2535 1361 2591 ematur
1407 2535 1470 2591 et
1525 2527 1652 2591 emi
1707 2527 1914 2612 possit
1969 2550 2167 2591 unum
2228 2535 2637 2612 canapettum
2695 2547 2810 2609 pro
2858 2521 3069 2588 situlis
3115 2520 3336 2585 brach.

463 2645 551 2710 20
597 2644 700 2709 uel
746 2645 831 2708 25
879 2643 962 2708 ad
1009 2642 1254 2708 dictum
1299 2666 1460 2729 opus
1507 2643 1709 2728 logee.
3176 2721 3181 2726 ἡ

683 2760 853 2826 Item
901 2759 1072 2846 quod
1120 2770 1368 2825 ematur
1415 2769 1478 2824 et
1525 2761 1646 2824 emi
1697 2760 1904 2845 possit
1935 2761 2025 2825 20
2058 2759 2161 2823 uel
2193 2760 2279 2824 25
2328 2780 2511 2824 scure
2545 2757 2625 2822 ad
2658 2756 3130 2843 reparationem
3162 2753 3338 2837 soliS,

468 2877 882 2964 impedientis
930 2876 1274 2961 magistros
1323 2877 1534 2964 operis
1583 2875 1752 2941 dicte
1799 2876 2000 2961 logee.

689 3044 796 3113 18.
871 3048 1000 3113 Die
1047 3048 1270 3114 XVII
1303 3050 1532 3113 mensis
1583 3047 1968 3134 Septembris
2017 3043 2103 3130 (a.
2140 3071 2195 3110 a.
2232 3043 2311 3110 O.
2361 3069 2421 3131 p.
2457 3039 2603 3127 8b).

687 3173 934 3259 Jacopo
982 3173 1188 3253 Pauli,
1241 3172 1759 3258 capudmagistro
1807 3172 2019 3258 operis
2068 3172 2253 3257 logie,
2313 3193 2427 3256 pro
2488 3171 2528 3235 5
2576 3170 2765 3256 petiis
2823 3167 3053 3232 marmi
3102 3166 3233 3231 albi
3282 3175 3346 3231 ot

468 3313 583 3376 pro
630 3291 834 3377 pretio
883 3290 1040 3354 dicti
1087 3290 1335 3373 marini,
1387 3288 1636 3354 uenditi
1682 3299 1746 3354 et
1795 3288 2013 3353 traditi
2063 3288 2234 3353 dicto
2282 3287 2478 3373 operi,
2529 3285 2730 3351 libras
2778 3282 2953 3346 XIII
2998 3278 3198 3367 (wohl
3242 3281 3345 3346 fiir

471 3406 597 3471 den
640 3401 861 3490 Dom).

692 3573 801 3639 19.
877 3575 1007 3641 Die
1068 3575 1289 3641 XXII
1347 3579 1574 3640 mensis
1632 3575 2018 3662 Septembris
2086 3570 2171 3657 (a.
2219 3597 2274 3638 a.
2321 3570 2399 3638 Ο.
2473 3596 2533 3659 p.
2578 3573 2699 3654 9a3
2789 3567 2901 3634 ofr.
2973 3567 3349 3633 Dokument

467 3690 716 3756 VIIIB
762 3717 859 3757 nr.
895 3686 1028 3775 33).

690 3817 936 3904 Jacopo
985 3817 1192 3900 Pauli,
1243 3815 1550 3902 magistro
1598 3812 1748 3900 (sio)
1797 3852 1902 3900 —,
1959 3827 2031 3880 ut
2084 3825 2263 3903 patet
2317 3816 2484 3881 libro
2540 3815 2710 3900 logie
2760 3837 2811 3878 e.
2851 3815 2952 3897 13,
3017 3847 3103 3857 —
3149 3810 3347 3876 libras

471 3935 511 3998 2
560 3933 602 3999 f.
629 3958 690 4020 p.
738 3931 1064 4019 (Loggia‘?
1112 3943 1278 3998 etwa
1322 3934 1424 3998 fiir
1471 3934 1575 3998 die
1619 3934 1765 3999 Pila
1810 3959 1906 3998 nr.
1941 3929 2093 4017 17?)

697 4101 816 4168 20.
892 4105 1017 4168 Die
1064 4107 1383 4190 troyesimo
1436 4105 1730 4171 Octubris
1777 4101 1860 4189 (a.
1896 4130 1951 4170 a.
1987 4103 2067 4170 Ο.
2117 4127 2178 4191 p.
2219 4099 2396 4187 14a).

691 4228 860 4294 Item
907 4229 1078 4315 quod
1125 4231 1278 4294 tecti
1324 4231 1536 4316 loggie
1584 4231 1876 4296 comunis
1925 4229 2255 4296 Florentio
2302 4237 2668 4294 mactentur
2700 4236 2765 4292 et
2794 4225 3067 4291 reaotari
3099 4224 3353 4310 possint

472 4345 602 4411 XV
648 4346 752 4411 uel
798 4345 936 4409 XX
983 4347 1140 4433 petii
1189 4347 1441 4412 asidum
1495 4345 1695 4433 fa-ggii
1750 4371 1866 4433 pro
1921 4346 2218 4412 faciendo
2274 4346 2415 4411 fieri
2462 4343 2843 4432 ponticellos
2893 4343 3135 4407 circum
3182 4341 3353 4405 circa

473 4461 757 4548 loggiam
813 4485 927 4548 pro
980 4462 1336 4528 laborando
1393 4473 1459 4528 et
1512 4464 1685 4528 circa
1739 4464 2048 4550 colupnas
2099 4463 2267 4527 dicte
2317 4462 2485 4548 logio
2533 4470 2597 4524 et
2644 4460 3012 4524 chiauatore
3080 4454 3207 4541 (sio
3250 4456 3354 4521 fiir

474 4575 606 4659 res)
653 4589 718 4645 et
763 4578 1010 4645 assides
1059 4580 1338 4662 abetum,
1390 4581 1756 4645 necessarie
1801 4603 1916 4667 pro
1967 4578 2285 4666 explendo
2335 4578 2539 4642 dictas
2588 4577 2897 4662 oolupnas
2945 4565 3076 4638 αόἷ.
3126 4569 3296 4658 (sio).

701 4746 806 4812 21.
879 4749 1068 4814 Anno
1141 4755 1340 4832 1378,
1411 4752 1512 4814 die
1581 4752 1898 4836 triyesimo
1969 4752 2199 4814 mensis
2271 4747 2653 4813 Settembrie.
2779 4743 2911 4810 Cfr.
2982 4744 3356 4809 Dokument

476 4862 641 4928 VIII
663 4863 738 4928 B.
775 4889 870 4930 nr.
900 4866 1004 4932 38.

703 5031 812 5100 22.
886 5036 1016 5100 Βία
1055 5037 1266 5120 primo
1315 5037 1548 5100 Martii
1593 5025 1764 5100 1378
1800 5031 1944 5120 (79)
1991 5031 2076 5120 (a.
2113 5059 2168 5101 a.
2205 5032 2283 5099 Ο.
2332 5035 2479 5098 filza
2514 5036 2598 5099 10
2642 5055 2703 5119 p.
2733 5028 2875 5114 8b).

704 5157 950 5226 Simoni
996 5160 1327 5226 Francisci
1378 5161 1652 5244 Talenti,
1702 5163 2010 5246 magistro
2059 5161 2289 5246 loggie,
2339 5161 2615 5225 florenos
2673 5159 3043 5245 quindecim
3089 5158 3245 5241 auri,
3296 5167 3359 5221 et

486 5275 658 5360 quod
705 5277 1024 5342 scribatur
1072 5277 1350 5343 creditor
1396 5273 1551 5342 dicti
1597 5279 1808 5364 operis
1855 5279 1923 5342 in
1968 5278 2137 5342 libro
2183 5277 2415 5363 loggie.
