4009 5859
1681 502 1753 509 —
1816 411 1942 478 291

2009 503 2107 511 ——q

449 592 724 679 repetita
779 590 1008 658 haberi
1065 593 1406 657 uoluerunt
1451 592 1520 656 in
1567 592 1910 678 principiO,
1967 591 2179 656 medio
2230 601 2293 654 et
2338 591 2466 655 fine
2514 592 2832 678 presentis
2878 591 3219 658 locationis
3269 602 3333 657 et

449 709 518 772 in
565 709 853 794 qualibet
900 709 1037 774 eius
1085 717 1292 794 parte,
1359 707 1530 794 quod
1574 730 1689 794 pro
1738 730 1838 791 ea,
1899 730 2023 793 que
2069 707 2311 772 faciant
2359 731 2471 772 seu
2516 707 2729 773 facere
2775 709 3141 793 intendant,
3201 732 3331 774 non

449 824 794 890 intendunt
850 847 918 891 se
965 825 1070 890 uel
1117 848 1337 890 eorum
1385 847 1499 890 seu
1546 824 1820 889 alicuius
1869 845 2089 888 eorum
2134 845 2473 910 personae,
2534 823 2804 889 heredes
2852 825 2958 890 uel
3002 825 3175 890 bona
3218 825 3331 889 ali-

450 942 725 1027 qualiter
780 942 1067 1028 obligare
1116 941 1232 1007 sed
1279 942 1488 1006 solum
1535 950 1599 1005 et
1646 940 1960 1006 duntaxat
2006 941 2179 1005 bona
2226 940 2394 1005 dicte
2443 962 2634 1026 opere
2681 951 2746 1005 et
2791 942 3002 1027 ipsam
3048 965 3327 1029 operam,

452 1057 632 1123 cuius
704 1079 900 1123 causa
965 1058 1208 1143 agitur,
1283 1058 1584 1143 omnique
1653 1057 1876 1140 modo,
1950 1056 2077 1138 uia,
2150 1057 2305 1140 iure,
2377 1055 2586 1121 forma
2654 1066 2719 1120 et
2788 1079 3001 1140 causa,
3072 1081 3198 1144 quo
3269 1069 3334 1124 et

450 1173 684 1258 quibus
761 1174 970 1259 magis
1049 1184 1112 1239 et
1187 1174 1418 1239 melius
1497 1183 1868 1260 potuerunt,
1949 1173 2325 1237 locauerunt
2402 1182 2466 1237 et
2544 1183 3003 1239 concesserunt
3090 1171 3329 1241 Chiaro

450 1291 605 1353 olim
657 1289 1058 1374 Micchaelis,
1131 1291 1438 1376 magistro
1509 1289 1795 1376 lapidum
1867 1298 1932 1354 et
1999 1289 2457 1374 legnaminum,
2516 1290 2739 1376 populi
2795 1291 3003 1356 sancti
3054 1342 3327 1358 ......

449 1401 725 1489 (Li‘icke)
804 1406 882 1471 de
959 1404 1327 1489 Florentia,
1420 1405 1666 1470 ibidem
1740 1405 2027 1491 presenti
2106 1414 2171 1470 et
2247 1405 2631 1470 conducenti
2705 1429 2821 1492 pro
2901 1431 2969 1472 se
3048 1410 3189 1494 ipso
3268 1419 3332 1473 et

449 1521 584 1586 suis
630 1520 978 1586 heredibus
1025 1545 1103 1586 ac
1149 1523 1354 1587 eciam
1404 1522 1542 1586 uice
1591 1531 1654 1584 et
1684 1521 1962 1607 gestorio
2012 1522 2272 1586 nomine
2319 1521 2585 1586 Martini
2632 1522 2787 1587 olim
2831 1522 3171 1608 Johannis,
3223 1547 3331 1610 po-

450 1637 585 1722 puli
617 1638 826 1703 sancti
855 1636 1190 1702 Laurentii
1239 1637 1319 1702 de
1349 1636 1696 1720 Florentia,
1749 1647 1812 1701 et
1841 1637 2116 1702 Antonii
2149 1636 2391 1720 Paccii,
2442 1638 2663 1723 populi
2710 1639 2915 1703 sancti
2950 1637 3329 1704 Micchaeli's

449 1753 1020 1819 vicedominorum
1061 1754 1140 1818 de
1170 1753 1517 1836 Florentia,
1568 1762 1635 1818 et
1668 1753 2013 1818 cuiuslibet
2060 1777 2175 1818 seu
2219 1752 2483 1818 alterius
2532 1776 2771 1838 eorum,
2821 1777 2936 1840 pro
2986 1755 3219 1841 quibus
3268 1765 3333 1820 et

450 1871 740 1955 quolibet
785 1893 1008 1935 eorum
1054 1869 1264 1936 dictus
1307 1866 1588 1936 Chiarus
1638 1867 1717 1934 de
1763 1879 1902 1934 rato
1950 1879 2015 1934 et
2059 1869 2183 1934 rati
2228 1868 2558 1934 habitione
2605 1871 2901 1957 promisit
2947 1871 3137 1937 dictis
3184 1895 3331 1958 ope-

452 1987 639 2052 rariis
695 2008 811 2072 per
863 1996 1067 2051 totum
1126 1994 1490 2073 presentem
1547 2008 1838 2051 mensem
1883 1985 1928 2050 J
1933 1985 2068 2050 unii
2126 1994 2189 2050 et
2236 2009 2305 2050 se
2351 1985 2671 2051 facturum
2719 1997 2781 2052 et
2827 1997 3195 2052 curaturum
3241 1987 3334 2053 ita
3391 2060 3402 2071 ,

453 2113 516 2168 et
561 2103 803 2186 taliter,
854 2102 1026 2189 quod
1071 2103 1198 2190 ipsi
1243 2102 1566 2168 Martinus
1614 2112 1678 2166 et
1721 2101 2051 2166 Antonius
2098 2125 2213 2188 per
2259 2102 2592 2189 publicum
2634 2104 3135 2176 instrumentum
3180 2107 3331 2171 rati-

451 2221 740 2284 ficabunt
787 2241 916 2284 ecc.
965 2215 1116 2303 (sic)
1165 2218 1248 2283 ad
1295 2219 1719 2283 laborandum
1765 2229 1830 2284 et
1874 2219 2338 2304 perficiendum
2387 2219 2711 2306 quoddam
2756 2221 3145 2288 laborerium
3180 2222 3331 2287 dua-

451 2360 594 2400 rum
642 2338 961 2401 uoltarum
1007 2336 1220 2421 loggie
1269 2337 1558 2400 comunis
1592 2335 1939 2419 Florentie,
1991 2315 2294 2400 uidelicet
2342 2335 2424 2399 ad
2470 2337 2849 2412 armandum
2897 2349 2960 2403 et
3004 2340 3331 2427 inpalcan-
3394 2347 3403 2358 '

435 2452 606 2518 dum
660 2455 837 2540 ipsas
895 2453 1052 2517 duas
1108 2452 1345 2536 uoltas;
1419 2454 1875 2539 promictentes
1923 2451 2376 2537 ipsioperarii
2424 2452 2633 2517 eidem
2682 2451 2947 2540 Chiam,
3024 2468 3092 2522 ut
3140 2481 3334 2545 supra

454 2569 866 2654 conducenti‚
925 2569 1134 2635 eidem
1185 2570 1334 2634 dare
1383 2579 1446 2634 et
1501 2568 1640 2632 dari
1696 2578 1760 2633 et
1815 2568 2184 2654 consignari
2230 2568 2441 2635 facere
2486 2570 2846 2656 legnamen,
2897 2577 3335 2641 necessarium

453 2697 517 2750 et
563 2695 989 2772 opportunum
1038 2709 1152 2772 pro
1187 2686 1342 2772 ‘ipso
1388 2686 1727 2768 laboreri0,
1779 2685 2060 2750 incisum
2109 2707 2253 2750 cum
2301 2685 2519 2770 seghis
2568 2689 2775 2753 solum
2823 2712 2937 2775 per
2977 2689 3122 2758 illas
3154 2718 3329 2760 men-

453 2826 636 2868 suras
683 2826 798 2889 per
853 2825 1282 2888 grosseccam,
1359 2825 1469 2888 pro
1528 2801 1847 2867 laborerio
1895 2812 2340 2889 opportunam,
2392 2802 2745 2868 secundum
2804 2795 3333 2878 deliberationem

454 2919 955 3005 capudmagistri
1007 2919 1175 2984 dicte
1224 2919 1462 3004 loggie3
1523 2941 1598 2982 ac
1653 2918 1850 2982 etiam
1905 2919 2031 3004 ipsi
2079 2918 2355 3005 operarii
2403 2921 2664 2986 nomine
2712 2921 2882 2989 dicte
2930 2927 3143 3012 operis
3189 2951 3331 3014 pro-

453 3037 768 3100 miserunt
814 3035 966 3100 dare
1016 3035 1187 3100 dicto
1236 3031 1475 3099 Chiaro
1523 3057 1638 3121 pro
1684 3034 2004 3099 laborerio
2044 3033 2419 3100 fabricando
2454 3037 2706 3122 tagliaS,
2743 3038 3016 3124 schalas,
3050 3043 3237 3110 funes
3271 3057 3334 3110 et

455 3175 643 3218 omne
677 3161 741 3218 et
772 3152 1218 3238 quodcumque
1249 3153 1591 3237 legnamen
1624 3161 1688 3216 et
1717 3150 2195 3234 ferramentum,
2232 3175 2345 3238 pro
2379 3152 2520 3239 ipso
2552 3152 2854 3219 hedificio
2896 3155 3191 3224 faciendo
3223 3185 3331 3226 ne-

455 3269 809 3335 cessarium
841 3278 906 3333 et
938 3277 1387 3354 opportunum,
1437 3266 1607 3353 apud
1656 3278 1720 3331 et
1767 3290 1964 3353 penes
2014 3267 2260 3332 dictum
2308 3268 2724 3353 la'borerium3
2776 3281 2840 3334 et
2880 3272 3145 3360 insuper
3178 3276 3331 3341 dare

456 3384 611 3449 dicti
644 3385 917 3472 operarii
951 3385 1123 3450 dicto
1155 3385 1414 3450 nomine
1462 3383 1895 3470 promiserunt
1942 3383 2134 3449 dictis
2169 3381 2425 3468 Chiam,
2476 3383 2761 3450 Mar-tino
2798 3397 2861 3450 et
2891 3387 3181 3454 Antonio
3216 3415 3331 3478 pro

455 3501 687 3566 salario
735 3511 798 3565 et
843 3501 1138 3566 mercede
1186 3501 1342 3566 dicti
1389 3500 1694 3566 laborerii
1739 3500 2017 3566 florenos
2053 3535 2135 3545 ——
2171 3510 2429 3566 centum
2477 3513 2749 3587 quatuor
2795 3539 2869 3548 —-
2906 3506 3060 3571 boni
3094 3517 3159 3572 et
3188 3510 3332 3595 puri

455 3619 610 3702 auri,
639 3619 799 3682 recti
829 3617 1132 3705 ponderis
1160 3628 1223 3682 et
1255 3619 1425 3686 conii
1449 3618 1502 3683 F
1506 3618 1831 3702 lorentini,
1857 3617 2152 3682 faciendo
2180 3617 2564 3684 solutionem
2597 3619 2915 3685 dictorum
2946 3623 3334 3690 florenorum

457 3769 538 3778 ——·
589 3744 848 3799 centum
894 3744 1167 3822 quatuor
1213 3736 1352 3800 auri
1401 3771 1483 3779 —
1534 3734 1613 3800 de
1660 3745 1945 3822 tempore
1993 3736 2064 3800 in
2108 3746 2381 3822 tempuS,
2434 3736 2788 3801 secundum
2821 3740 2993 3824 quod
3023 3740 3149 3826 ipsi
3184 3765 3332 3807 con-

457 3851 752 3918 ductores
799 3852 1206 3919 laborabunt.
1297 3853 1386 3918 Et
1433 3876 1466 3917 e
1514 3875 1828 3918 conuerso
1876 3853 2017 3940 ipse
2066 3851 2345 3934 Chiarus
2394 3853 2567 3917 dicto
2615 3855 2876 3919 nomine
2924 3856 3223 3942 promisit
3270 3871 3334 3922 et

455 3967 804 4054 solepniter
873 3969 1179 4033 conuenit
1246 3968 1437 4033 dictis
1507 3969 1840 4055 operariis,
1916 3970 2375 4056 recipientibus
2450 3979 2514 4034 et
2570 3971 3031 4057 stipulantibus
3079 3975 3221 4038 uice
3270 3984 3334 4038 et

454 4084 710 4149 nomine
760 4085 928 4149 dicte
975 4108 1184 4171 opere,
1232 4086 1418 4168 bene,
1489 4085 1767 4150 fideliter
1815 4095 1878 4150 et
1944 4086 2239 4171 legaliter
2282 4086 2513 4168 facere,
2563 4085 2860 4152 laborare
2908 4097 2973 4153 et
3015 4088 3333 4154 fabricare

455 4199 524 4263 in
573 4199 745 4265 dicto
793 4200 1102 4287 hedifitiO,
1153 4203 1326 4266 bona
1370 4201 1498 4266 fide
1547 4211 1612 4265 et
1657 4202 1796 4268 sine
1847 4201 2068 4266 fraude
2116 4213 2180 4267 et
2225 4202 2474 4268 malitia
2520 4213 2585 4267 et
2631 4204 2985 4268 secundum
3025 4205 3334 4272 iudicium

456 4316 863 4382 discretionis
910 4317 1096 4383 offitii
1144 4319 1430 4404 ipsorum
1477 4319 1930 4406 operariorum,
1981 4320 2379 4405 presentium
2426 4342 2541 4384 seu
2587 4319 2861 4404 illorum,
2913 4321 3024 4406 qui
3066 4321 3144 4386 de
3178 4333 3333 4387 tem-

455 4455 607 4518 pore
670 4435 738 4498 in
809 4435 1010 4499 offitio
1079 4435 1482 4518 residebunt3
1557 4445 1621 4500 et
1688 4436 1977 4522 ipsarum
2044 4435 2312 4501 duarum
2367 4436 2690 4500 uoltarum
2749 4436 3137 4501 laborerium
3190 4463 3333 4525 pro-

456 4551 633 4614 misit
677 4550 853 4616 idem
886 4549 1161 4617 Chiarus
1210 4552 1381 4616 dicto
1429 4554 1689 4618 nomine
1718 4552 1953 4618 fecisse
1999 4562 2066 4617 et
2103 4551 2448 4638 perfecisse
2480 4552 2592 4616 illo
2625 4561 2909 4639 tempore
2943 4563 3007 4617 et
3039 4554 3329 4638 termin0,

457 4689 581 4751 quo
631 4666 1054 4731 deliberatum
1102 4678 1166 4732 et
1211 4668 1338 4734 sibi
1385 4649 1698 4734 terminus
1747 4669 2115 4754 assignatus
2161 4668 2356 4733 fuerit
2399 4693 2514 4756 per
2559 4669 2736 4760 ipsos
2785 4670 3133 4754 operarioS,
3186 4693 3334 4736 con-

457 4782 738 4848 siderata
783 4784 987 4869 ipsius
1037 4783 1311 4849 hedifitii
1357 4793 1423 4849 et
1466 4785 1771 4850 laborer-ii
1818 4784 2145 4871 qualitate.
2238 4784 2325 4849 Et
2370 4785 2660 4870 predicta
2704 4787 2923 4850 omnia
2970 4795 3033 4850 et
3078 4787 3335 4872 singula

459 4899 626 4963 dicte
675 4908 888 4986 partes
936 4900 1063 4965 sibi
1110 4901 1474 4966 inuicissim
1519 4903 1951 4988 promiserunt
1995 4901 2255 4988 proprio
2304 4901 2645 4966 actendere
2702 4912 2764 4966 et
2818 4904 3164 4968 obseruare
3212 4906 3334 4970 sub

457 5038 625 5101 pena
670 5026 735 5080 et
780 5016 862 5081 ad
907 5039 1141 5103 penam
1187 5011 1576 5083 florenorum
1624 5053 1708 5064 —-
1757 5028 2015 5083 centum
2061 5019 2221 5083 auri.

676 5131 953 5218 Insuper
998 5133 1123 5219 ipsi
1172 5135 1451 5220 operarii
1497 5135 1930 5221 promiserunt
1986 5133 2158 5199 dicto
2219 5131 2477 5218 Chiam,
2551 5134 2955 5220 conducenti‚
3014 5145 3085 5198 ut
3140 5155 3337 5222 supra

457 5248 793 5334 stipulanti
840 5258 904 5312 et
946 5249 1304 5335 recipienti,
1359 5251 1511 5315 dare
1558 5273 1672 5337 pro
1721 5251 1891 5316 dicto
1939 5251 2257 5315 laborerio
2307 5250 2465 5314 duas
2514 5251 2778 5336 lagenas
2822 5250 2960 5314 uini
2993 5270 3122 5314 ece.
3159 5245 3331 5332 (sic).

2804 5351 2910 5406 37¹·
