4009 5859
1851 405 1978 467 305

697 573 805 641 34.
876 577 1066 641 Anno
1116 573 1469 662 1385(86)‚
1520 581 1623 644 die
1667 580 1821 644 XII
1860 581 2204 646 Februarii
2246 579 2332 665 (a.
2369 606 2424 647 a.
2461 579 2539 648 Ο.
2573 584 2722 650 filza
2755 585 2839 650 22
2887 609 2947 672 p.
2989 582 3170 670 llb).
3229 599 3264 616 “

692 710 939 797 Jacopo
970 710 1163 795 Pieri,
1214 712 1540 796 magistre,
1590 737 1706 800 pro
1752 715 2122 800 prouisione
2170 725 2483 803 quactuor
2531 715 2796 802 dierum,
2848 719 3016 804 quod
3063 720 3350 785 coniuuit

469 822 767 909 (conivit)
804 826 1175 911 Laurentio,
1226 830 1717 913 capomagistm,
1766 830 1895 895 alla
1940 830 2156 922 loggia
2203 831 2284 896 ad
2331 833 2700 919 ponendum
2749 835 2908 900 duas
2959 837 3228 903 uirtutes
3263 877 3344 886 —

470 944 669 1009 libras
718 945 761 1010 4
806 943 849 1008 f.
882 967 945 1030 p.

694 1112 803 1180 35.
878 1117 1003 1180 Die
1048 1118 1351 1200 uiyesimo
1402 1117 1634 1181 Martii
1675 1111 1759 1200 (a.
1796 1139 1851 1182 a.
1889 1114 1967 1182 Ο.
1996 1141 2058 1204 p.
2099 1115 2285 1202 lob).

694 1239 979 1305 Predicti
1026 1241 1301 1326 operarii
1336 1275 1417 1284 —-
1464 1241 2001 1326 deliberauerunt,
2053 1243 2225 1329 quod
2271 1245 2579 1329 magister
2624 1246 2910 1346 Jacobus
2942 1248 3140 1313 Pierii
3173 1242 3343 1332 (sic),

469 1355 688 1443 populi
725 1357 931 1421 sancti
964 1357 1410 1443 Appolinariis
1449 1352 1599 1442 (sic)
1642 1358 1721 1422 de
1757 1357 2108 1443 Florentia,
2161 1360 2398 1427 habeat
2435 1364 2755 1450 complere
2789 1361 3128 1452 (comple‘)
3159 1388 3345 1453 quas·

350 1539 361 1552 ,
471 1471 619 1538 dam
664 1474 903 1560 figuras
949 1473 1345 1539 fortitudinis
1393 1483 1457 1538 et
1503 1476 1945 1562 temperantie,
1984 1477 2316 1562 ponendas
2350 1478 2431 1542 ad
2465 1479 2707 1564 logiam
2741 1481 3146 1546 dominorum
3179 1483 3345 1569 prio-

468 1613 639 1673 rnm3
700 1599 764 1654 et
818 1589 990 1676 quod
1035 1589 1371 1657 Johannes
1418 1591 1599 1656 Fecti
1656 1591 1893 1658 habeat
1951 1603 2016 1659 et
2073 1594 2309 1660 habere
2370 1594 2603 1662 debeat
2659 1597 2739 1663 de
2798 1620 2904 1682 e0,
2967 1599 3137 1686 quod
3193 1598 3348 1665 fecit

470 1729 660 1793 super
707 1706 897 1772 dictis
944 1707 1169 1793 figuris
1217 1706 1398 1792 illud,
1448 1708 1621 1795 quod
1669 1709 1905 1776 decens
1954 1711 2094 1775 erit.

691 1807 968 1910 Insuper
1013 1823 1505 1909 stantiauerunt,
1556 1824 1729 1911 quod
1778 1826 2167 1892 camerarius
2201 1826 2356 1892 dicti
2389 1830 2601 1914 operis
2634 1829 2744 1894 det
2775 1838 2837 1895 et
2869 1829 3021 1896 dare
3052 1811 3347 1897 teneatur

471 1948 533 2003 et
580 1938 811 2005 debeat
856 1949 1076 2005 mutuo
1127 1938 1297 2005 dicto
1344 1940 1593 2006 Jacobo
1640 1940 1814 2007 Pieri
1861 1941 2140 2009 florenos
2194 1943 2274 2009 15
2321 1945 2479 2010 auri.

690 2106 805 2175 36.
879 2111 1068 2174 Anno
1118 2117 1316 2191 1386,
1368 2113 1469 2177 die
1514 2114 1817 2197 uiqeeimo
1866 2117 2130 2200 septimo
2177 2115 2412 2179 Martii
2453 2113 2539 2198 (a.
2575 2139 2631 2179 a.
2669 2112 2747 2180 Ο.
2783 2140 2843 2202 p.
2884 2105 3092 2199 15b).'

688 2233 855 2298 Item
900 2235 1157 2321 Angelo
1207 2235 1451 2301 Taddei
1500 2233 1735 2320 Gaddi,
1792 2237 2042 2324 pictori,
2093 2261 2207 2324 pro
2258 2238 2544 2324 disegn0,
2609 2263 2724 2326 per
2769 2263 2914 2305 eum
2959 2241 3149 2325 fact0,
3201 2265 3344 2328 pru-

470 2350 683 2416 dentie
731 2361 795 2417 et
841 2351 1191 2435 charitatis,
1242 2353 1519 2418 florenos
1568 2363 1879 2439 quactuor
1926 2356 2084 2420 auri.
2145 2385 2156 2396 ·

692 2520 798 2586 37.
870 2521 1358 2589 MCCCLXXX
1379 2525 1485 2606 VI,
1524 2527 1627 2589 die
1658 2527 1895 2590 decimo
1930 2537 2152 2590 octauo
2185 2529 2414 2590 mensis
2447 2527 2701 2612 Aprilis
2733 2523 2819 2609 (a.
2855 2551 2910 2592 a.
2948 2524 3026 2592 Ο.
3062 2551 3122 2614 p.
3157 2523 3340 2612 43a).

687 2649 930 2714 Actum
976 2648 1321 2733 Florentie,
1372 2651 1439 2715 in
1488 2650 1723 2736 populo
1770 2651 1977 2715 sancti
2023 2650 2368 2716 Michaelis
2402 2650 2990 2718 Vicedominorum.
3041 2693 3128 2704 --
3175 2651 3342 2739 Ope-

465 2765 617 2828 rarii
676 2765 948 2851 predicti
1005 2765 1381 2831 locauerunt
1436 2776 1499 2831 et
1553 2776 2012 2832 concesserunt
2057 2766 2280 2832 Luche
2326 2767 2647 2832 ‚Iohannis
2697 2767 2776 2832 de
2825 2765 3043 2852 Senis,
3103 2770 3213 2854 qui
3261 2769 3341 2842 ad

464 2903 730 2966 presens
778 2882 1029 2948 habitat
1072 2881 1417 2966 Florentie,
1470 2884 1538 2948 in
1582 2883 1817 2970 populo
1866 2885 2070 2950 sancti
2125 2935 2396 2949 ......
2448 2880 2618 2970 (sic),
2675 2887 3000 2972 magistrO,
3051 2886 3134 2952 ad
3180 2887 3342 2952 inta-

465 2992 771 3083 glandum
841 3009 905 3062 et
973 2999 1339 3064 faciendum
1386 3001 1453 3065 in
1510 3023 1855 3082 marmore,
1931 2999 2143 3066 eidem
2188 2999 2409 3064 Luche
2456 3000 2786 3085 tradendO,
2837 3011 2925 3084 et,
2999 3010 3342 3088 postquam

466 3115 675 3180 eidem
722 3116 913 3182 fuerit
944 3116 1217 3182 traditus
1254 3115 1463 3182 dictus
1504 3140 1801 3200 marmor,
1840 3117 2010 3182 infra
2041 3127 2294 3203 tempus
2328 3140 2442 3182 sex
2475 3117 2813 3201 mensium,
2865 3127 3016 3184 tunc
3048 3120 3340 3205 proxime

463 3243 903 3317 uenturorum,
974 3235 1246 3318 figuram
1318 3232 1678 3316 charitatis,
1752 3234 2118 3319 ponendam
2166 3233 2246 3298 ad
2295 3234 2532 3318 logiam
2582 3233 2986 3299 dominorum
3032 3235 3336 3321 priorum,

462 3350 761 3414 omnibus
814 3349 966 3414 dicti
1016 3349 1240 3414 Luche
1288 3350 1589 3435 expensis
1638 3373 1751 3435 pro
1799 3351 2095 3414 mercede
2143 3359 2207 3414 et
2252 3341 2514 3414 nomine
2562 3349 2878 3415 mercedis
2927 3361 2990 3414 et
3035 3350 3338 3415 laborerii

462 3465 733 3550 predicti
787 3501 863 3510 —
916 3462 1067 3549 (sic)
1115 3467 1391 3530 florenos
1440 3467 1527 3531 50
1574 3467 1741 3549 auri3
1808 3505 1879 3514 —
1940 3489 2132 3552 quam
2179 3468 2452 3550 figuram
2500 3467 2638 3551 ipse
2683 3465 2942 3532 Luchas
2989 3466 3232 3552 recepit
3277 3475 3342 3531 et

463 3581 771 3647 conduxit
826 3581 909 3646 ad
964 3582 1059 3646 sic
1113 3580 1559 3666 intaglandum
1615 3591 1679 3646 et
1734 3582 2195 3668 perficiendum
2246 3592 2309 3648 et
2356 3582 2807 3669 complendum
2853 3583 3154 3648 omnibus
3204 3583 3338 3648 suis

462 3699 765 3782 expensis
813 3708 877 3762 et
908 3697 1075 3763 infra
1105 3698 1347 3762 dic-tum
1380 3707 1633 3784 tempus
1667 3720 1781 3763 sex
1816 3699 2154 3782 mensium,
2205 3709 2546 3785 postquam
2580 3699 2718 3785 ipse
2750 3697 3008 3763 Luchas
3041 3697 3340 3762 habuerit

460 3837 841 3878 marmor-em
888 3837 1004 3900 pro
1054 3814 1227 3878 dicta
1270 3817 1495 3900 figura,
1546 3822 1611 3878 et
1657 3837 1849 3900 quam
1896 3815 2168 3899 figuram
2216 3816 2513 3900 promisit
2565 3851 2644 3858 —
2691 3816 2856 3878 bene
2898 3823 2962 3878 et
2999 3813 3341 3899 diligenter

460 3929 803 4015 intaglare3
868 3971 946 3980 -——
1006 3931 1128 3996 hoc
1174 3942 1317 3996 acto
1366 3931 1535 3995 inter
1580 3931 1756 4016 ipsos
1807 3930 2288 4014 contrahentes,
2352 3971 2434 3979 —-
2494 3931 2662 4016 quod
2713 3930 2852 4014 ipse
2899 3929 3158 3995 Luchas
3205 3953 3338 3995 non

460 4049 663 4134 possit
710 4047 1050 4134 propterea
1094 4058 1310 4134 petere
1359 4048 1463 4111 uel
1506 4046 1747 4112 habere
1794 4069 1907 4133 pro
1958 4047 2132 4111 dicta
2178 4046 2596 4132 intagliatura
2639 4071 2678 4111 a
2727 4047 2900 4111 dicta
2946 4070 3157 4133 opera,
3209 4047 3334 4112 nisi

460 4165 665 4229 solum
722 4175 783 4229 et
842 4163 1177 4230 dumtaxat
1235 4165 1441 4228 dictos
1501 4165 1778 4228 florenos
1828 4165 1915 4228 50
1962 4165 2132 4245 auri3
2195 4203 2276 4212 -—
2336 4163 2456 4228 hoc
2511 4163 2703 4227 etiam
2751 4173 2894 4226 acto
2943 4162 3113 4226 inter
3159 4163 3335 4248 ipsos

460 4280 929 4365 contrahenteS,
980 4303 1288 4367 expresso
1336 4303 1449 4366 per
1495 4291 1771 4367 pactum,
1824 4279 1994 4365 quod
2041 4281 2109 4344 in
2160 4301 2330 4361 casu,
2383 4303 2506 4364 quo
2541 4280 2680 4365 ipse
2711 4278 2969 4343 Luchas
3003 4302 3132 4342 non
3168 4301 3334 4342 com-

459 4397 661 4481 pleret
706 4397 809 4462 uel
854 4399 1191 4484 perficeret
1236 4398 1475 4462 dictam
1522 4399 1813 4482 figuram,
1864 4397 2004 4461 siue
2053 4396 2403 4482 compleret
2450 4405 2514 4458 et
2561 4395 2912 4480 perficeret,
2964 4393 3078 4458 sed
3119 4393 3334 4458 minus

460 4512 623 4576 bene
671 4535 863 4598 quam
910 4515 1135 4578 liceret
1178 4514 1286 4578 uel
1330 4514 1543 4578 uisum
1589 4513 1783 4578 fuerit
1830 4513 2033 4577 offitio
2082 4512 2547 4598 operariorum,
2609 4545 2690 4554 —
2740 4508 2908 4595 quod
2956 4518 3110 4573 tunc
3157 4518 3221 4572 et
3266 4509 3335 4573 in

456 4651 531 4693 eo
602 4651 756 4694 casu
827 4628 1017 4695 dictis
1089 4630 1398 4716 operariis
1466 4628 1690 4694 liceret
1739 4665 1820 4672 —
1872 4627 2024 4692 dare
2095 4636 2159 4692 et
2213 4627 2522 4692 stantiare
2582 4626 2795 4690 minus
2853 4647 2966 4690 seu
3018 4624 3330 4689 minorem

456 4745 879 4830 quantitatem
948 4745 1209 4810 florenis
1259 4747 1371 4829 50,
1446 4744 1799 4810 secundum
1869 4743 2041 4829 quod
2112 4743 2205 4808 eis
2263 4743 2474 4808 uisum
2531 4741 2723 4805 fuerit
2779 4740 3199 4822 conuenien83
3271 4750 3336 4805 et

456 4861 663 4926 dictus
694 4838 954 4926 Luchas
1004 4872 1173 4926 stare
1220 4861 1453 4926 debeat
1500 4869 1838 4925 contentus
1886 4859 2060 4924 omni
2109 4868 2174 4923 et
2215 4858 2484 4923 cuilibet
2518 4856 2945 4939 diminutioni,
2996 4866 3335 4941 propterea

454 4978 663 5044 fiende
720 5003 834 5066 per
891 4977 1134 5043 dictum
1190 4977 1466 5042 offitium
1522 4977 1957 5064 operariorum
2032 4984 2291 5061 propter
2350 4974 2586 5039 dictam
2633 4974 2934 5057 figuram,
2991 4995 3120 5036 non
3168 4972 3332 5036 bene

454 5079 855 5180 intagliatam
902 5105 965 5160 et
1010 5103 1461 5161 constructam.
1545 5092 1690 5175 Que
1737 5094 1955 5158 omnia
2002 5127 2085 5136 —-
2133 5092 2566 5177 promiserunt
2613 5123 2696 5132 ——
2743 5088 3089 5153 obseruare
3127 5096 3245 5152 cet.
3261 5082 3328 5168 ¹).

632 5243 673 5310 ¹)
710 5240 785 5294 Es
822 5206 897 5294 ist
933 5239 1315 5309 anzunehmen,
1355 5240 1481 5295 dass
1520 5239 1653 5294 auch
1693 5239 1790 5292 mit
1828 5238 1933 5292 den
1970 5237 2204 5290 anderen
2245 5235 2538 5289 Kfmstlern
2575 5235 2662 5288 bei
2701 5233 2806 5288 den
2845 5232 3080 5287 anderen
3106 5231 3329 5287 Statuen

570 5332 736 5383 Ὲῐεγ,
768 5332 839 5370 dle
866 5331 1037 5380 Loggin
1065 5331 1133 5370 del
1161 5331 1349 5380 signori.
2799 5323 2868 5378 39
