4009 5859
2098 365 2230 427 230

718 541 980 606 biti-ium
1031 541 1180 606 boni
1231 541 1352 604 uiri
1398 550 1464 606 et
1510 563 1624 604 seu
1669 541 1962 626 magistri
2014 541 2133 606 sub
2182 541 2295 606 illa
2338 541 2565 624 forma,
2616 551 2805 626 prout
2850 551 2950 604 est
2996 540 3344 627 inceptum,
3406 551 3471 604 et
3516 540 3605 604 fa·

718 678 861 722 cere
909 657 972 720 in
1021 657 1308 742 qualibet
1353 656 1585 721 edoma
1631 657 1784 722 dicti
1831 659 2140 744 temporis
2184 656 2491 722 bracchia
2521 657 2898 743 optuaginta
2929 656 3175 744 quadra
3205 657 3361 722 dicti
3398 658 3605 721 concii

717 772 798 838 ad
867 773 1082 839 minus
1155 795 1300 838 cum
1369 773 1797 859 infrascriptis
1869 774 2075 860 pactis
2150 773 2470 857 uidelicet,
2547 773 2717 859 quod
2775 797 2971 859 opera
3016 783 3239 838 sancte
3285 773 3605 860 Reparate

717 888 1007 975 predicta
1053 890 1188 954 suis
1236 891 1512 976 propriis
1563 891 1928 975 sumptibus
1978 888 2213 954 debeat
2258 890 2435 954 mic-ti
2483 889 2695 954 facere
2742 889 2821 953 ad
2872 888 3151 975 plateam
3198 889 3605 955 dominorum

717 1028 940 1070 omnes
989 1005 1238 1091 lapides
1287 1005 1370 1070 ad
1425 1004 1879 1070 sufficientiam
1943 1029 2060 1092 pro
2120 1005 2291 1070 dicto
2353 1006 2577 1070 concio
2627 1004 2872 1087 fiend03
2928 1040 3004 1050 —-
3059 1015 3123 1070 et
3170 1005 3339 1091 quod
3388 979 3607 1086 omnia

714 1119 1122 1204 ferramenta,
1174 1144 1296 1207 que
1343 1144 1457 1206 per
1505 1121 1711 1187 dictos
1760 1121 2184 1187 conductores
2232 1123 2667 1208 operabuntur
2713 1144 2828 1206 pro
2878 1121 3048 1186 dicto
3097 1122 3320 1187 concio
3367 1121 3602 1207 fiendo,

717 1238 993 1324 propriis
1041 1240 1404 1325 sumptibus
1452 1239 1621 1305 dicte
1669 1262 1860 1326 opere
1909 1239 2189 1306 debeant
2236 1240 2579 1324 sottigliari
2628 1249 2747 1304 cet.

941 1357 1129 1420 Anno
1181 1361 1355 1419 1387
1380 1351 1544 1440 (88),
1597 1357 1700 1421 die
1746 1356 1929 1421 XXI
1963 1358 2193 1421 mensis
2240 1355 2587 1422 Februarii
2653 1351 2738 1438 (a.
2775 1379 2833 1421 a.
2871 1353 2949 1420 O.
2999 1378 3059 1442 p.
3098 1357 3181 1422 13
3198 1349 3281 1438 a).

937 1467 1232 1558 Operarii
1284 1510 1354 1520 —
1416 1472 1952 1556 deliberauerunt,
2003 1472 2172 1558 quod
2222 1496 2464 1557 murus,
2515 1473 2809 1558 inceptus
2859 1494 3050 1559 super
3088 1471 3368 1558 plateam
3404 1469 3603 1534 domi-

714 1611 943 1651 norum
1001 1589 1285 1674 priorum
1345 1611 1571 1654 uersus
1631 1589 1940 1675 palatium
1989 1588 2394 1654 dominorum
2442 1611 2522 1654 ex
2569 1597 2748 1675 parte
2796 1588 3120 1670 anteriori,
3192 1598 3497 1672 sequatur
3542 1597 3608 1650 et

715 1705 829 1768 fiat
875 1726 1021 1768 cum
1068 1704 1393 1791 lapidibus
1452 1706 1783 1790 bugnosis,
1845 1715 2036 1790 prout
2100 1715 2199 1770 est
2253 1705 2573 1792 inceptus,
2626 1727 2827 1791 usque
2883 1704 2965 1769 ad
3022 1703 3328 1789 angulum
3376 1702 3603 1767 domus

716 1822 852 1886 siue
899 1820 1204 1886 fundachi
1254 1821 1496 1886 domini
1545 1820 1862 1886 Anthonii
1908 1820 1986 1885 de
2021 1821 2312 1887 Albertis
2362 1833 2425 1886 et
2472 1845 2546 1886 eo
2592 1820 2784 1886 modo
2833 1829 2897 1885 et
2940 1819 3165 1904 forma,
3215 1827 3403 1906 prout
3448 1817 3603 1882 deli-

712 1939 1008 2004 beratum
1060 1937 1183 2002 fuit
1234 1960 1349 2023 per
1403 1936 1695 2003 dominos
1751 1939 1998 2025 priores
2057 1939 2293 2002 artium
2348 1948 2412 2002 et
2458 1936 2892 2002 uexilliferum
2963 1936 3206 2001 iustitie
3274 1934 3495 2021 populi
3540 1945 3605 1998 et

715 2054 1006 2118 comunis
1052 2053 1399 2137 Florentio,
1473 2054 1672 2118 saluis
1744 2077 1998 2139 semper
2055 2054 2537 2119 remanentibus
2608 2053 2957 2138 apothecis,
3030 2052 3306 2138 inceptis
3376 2074 3602 2116 uersus

715 2169 1256 2235 Vaccherecciam
1305 2193 1384 2234 ex
1432 2181 1612 2257 parte
1659 2171 1984 2236 anteriori.
2531 2245 2543 2256 ν

947 2287 1138 2352 Anno
1189 2293 1363 2350 1387
1389 2282 1555 2371 (88),
1605 2288 1708 2350 die
1754 2293 1835 2351 21
1888 2286 2233 2352 Februarii
2276 2282 2361 2370 (a.
2412 2310 2468 2351 a.
2521 2284 2599 2351 O.
2650 2309 2709 2372 p.
2750 2281 2927 2368 l3a).

937 2401 1107 2466 Item
1140 2437 1222 2446 -—
1258 2402 1798 2488 deliberauerunt,
1835 2403 2003 2490 quod
2038 2406 2153 2469 fiat
2185 2415 2249 2469 et
2278 2403 2657 2469 hedificetur
2690 2403 2967 2466 ecelesia
2999 2411 3219 2466 sancte
3248 2397 3493 2466 Cecilie
3526 2423 3600 2465 eo

713 2518 876 2598 loco,
930 2517 1119 2583 modo
1167 2529 1231 2583 et
1275 2519 1500 2602 forma,
1551 2530 1740 2607 prout
1787 2530 1886 2585 est
1931 2521 2207 2606 incepta,
2262 2521 2440 2586 saluo
2488 2519 2659 2606 quod
2706 2519 2945 2584 habeat
2991 2530 3055 2583 et
3096 2519 3336 2583 habere
3370 2518 3603 2582 debeat

715 2634 1071 2720 introytum
1119 2645 1183 2700 et
1229 2636 1509 2719 ianuam,
1581 2659 1774 2721 quem
1831 2635 1912 2700 ad
1970 2635 2232 2700 modum
2291 2634 2573 2702 habebat
2642 2637 2820 2722 prius
2879 2644 3028 2700 ante
3074 2635 3279 2721 ipsius
3329 2635 3603 2700 ecclesie

715 2750 1236 2816 destructionem.
2460 2833 2487 2852 ο

935 2866 1104 2932 Item
1155 2904 1238 2912 -
1287 2867 1823 2951 deliberauerunt,
1879 2904 1958 2913 —
2011 2868 2181 2955 quod
2230 2880 2479 2934 ematur
2510 2864 2661 2952 (sic)
2698 2868 2925 2933 domus
2961 2878 3025 2933 et
3056 2891 3170 2933 seu
3200 2867 3599 2934 habitatione

712 2981 898 3065 (oder
953 2980 1169 3068 -nes‘?)
1240 2986 1396 3049 artis
1455 2981 2042 3070 Capssettariorum
2112 2986 2395 3050 ciuitatis
2452 2985 2505 3050 F
2509 2985 2781 3050 lorentie
2852 3007 2966 3070 pro
3020 2985 3488 3050 restauratione
3534 2994 3600 3048 et

714 3100 1155 3165 satisfactione
1215 3100 1550 3166 domorum
1613 3101 2085 3166 destructarum
2144 3101 2416 3166 ecclesie
2464 3111 2685 3166 sancte
2734 3097 2979 3167 Cecilie
3024 3100 3343 3187 predicte,
3405 3123 3600 3166 causa

711 3217 991 3282 faciendi
1039 3219 1179 3282 fieri
1227 3217 1693 3283 habitationem
1739 3219 2099 3305 presbitero
2150 3219 2421 3285 ecclesie
2468 3217 2730 3305 prefate.

934 3334 1066 3398 Die
1109 3341 1150 3398 3
1201 3335 1434 3399 Martii
1475 3330 1560 3418 (a.
1597 3358 1652 3400 a.
1690 3332 1768 3400 Ο.
1819 3359 1879 3421 p.
1919 3330 2098 3417 lssa).

931 3449 1218 3515 Johanni
1267 3450 1536 3515 Bardini
1587 3460 1650 3516 et
1697 3451 1897 3534 sotiiS,
1970 3452 2300 3537 magistris
2362 3452 2570 3516 concii
2616 3449 2902 3537 lapidum
2950 3452 3417 3536 bugnosorum,
3480 3472 3594 3535 pro

711 3589 894 3632 muro
941 3567 1152 3652 platee
1200 3567 1631 3651 dominorum,
1705 3577 1776 3632 ut
1823 3578 2077 3633 constat
2122 3569 2190 3632 in
2235 3568 2404 3633 libro
2452 3568 2662 3654 platee
2710 3577 2886 3633 carta
2929 3568 3047 3652 42,
3100 3603 3180 3612 —
3230 3567 3298 3631 in
3346 3589 3597 3632 summa

709 3682 1020 3748 librarum
1067 3683 1154 3748 50
1183 3683 1227 3748 f.
1262 3706 1324 3770 p.

933 3797 1116 3864 Losti
1165 3798 1275 3976 et}
1323 3798 1499 3864 Pieri
1546 3799 1881 3883 Asserelli,
1955 3787 2313 3885 magistris,
2364 3801 2434 3864 in
2480 3810 2701 3865 mutuo
2748 3823 2863 3885 pro
2910 3799 3259 3882 laborerio,
3323 3821 3436 3886 per
3484 3821 3593 3864 eos

933 3915 1124 3980 ‚Iusto
1319 3915 1535 3980 fiendo
1583 3916 1666 3981 ad
1713 3916 1992 4002 plateam
2043 3916 2467 3999 dominorum,
2521 3952 2604 3960 —
2651 3915 2851 3982 libras
2904 3917 3033 3982 100
3062 3915 3106 3980 f.
3141 3939 3202 4001 p.

931 4031 1060 4096 Die
1105 4038 1147 4095 3
1198 4032 1431 4096 Martii
1472 4028 1557 4115 (a.
1593 4055 1648 4096 a.
1686 4027 1763 4097 Ο.
1815 4056 1877 4119 p.
1915 4029 2100 4116 lssb).

930 4147 1096 4213 Item
1146 4183 1228 4192 —-
1279 4147 1817 4232 deliberauerunt‚
1868 4149 2042 4234 quod
2091 4147 2486 4232 deliberatiO,
2538 4149 2832 4236 superius
2880 4172 2993 4236 per
3027 4149 3232 4213 dictos
3265 4148 3591 4234 operarios

707 4263 894 4348 facta,
948 4274 1123 4329 carta
1173 4265 1273 4347 13,
1327 4264 1632 4330 uidelicet
1665 4264 1744 4329 de
1776 4289 1958 4331 muro
1990 4266 2201 4351 platee
2235 4265 2636 4331 dominorum
2671 4275 2733 4328 et
2766 4265 3041 4330 ecclesia
3072 4274 3292 4329 sancte
3326 4261 3588 4346 Cecilie,

712 4416 793 4426 —
845 4382 930 4445 sit
974 4381 1157 4444 irrita
1203 4391 1268 4445 et
1311 4381 1571 4447 innanis
1621 4393 1685 4446 et
1729 4381 1970 4448 nullius
2020 4381 2295 4447 efficatie
2342 4382 2447 4446 uel
2481 4381 2736 4465 ualoriS,
2786 4380 3305 4446 nicchillominus
3340 4402 3467 4444 non
3501 4379 3589 4443 fa-

713 4496 944 4562 cienda
999 4497 1224 4560 contra
1280 4496 1655 4562 mandatum
1715 4497 2120 4563 dominorum
2169 4501 2450 4585 priorum
2508 4509 2572 4562 et
2619 4521 2733 4563 seu
2782 4506 3005 4562 contra
3048 4496 3586 4578 reformationem,

709 4613 788 4677 de
845 4613 972 4677 ista
1019 4613 1289 4677 materia
1341 4612 1742 4698 loquentem,
1792 4615 2259 4701 quoquomod0.
2354 4612 2581 4698 (Wohl
2632 4639 2755 4679 nur
2802 4613 2926 4678 den
2974 4622 3189 4678 ersten
3232 4610 3587 4676 Beschluss

709 4751 858 4792 vom
895 4729 1008 4808 21.
1043 4726 1338 4792 Februar
1387 4729 1558 4794 1388
1605 4725 2013 4812 betreffend.)

931 4845 1124 4908 Anno
1175 4850 1368 4927 1388,
1419 4847 1521 4909 die
1567 4845 1785 4910 XVII
1822 4847 2074 4932 Aprilis
2122 4842 2205 4931 (a.
2242 4869 2297 4910 a.
2334 4843 2411 4911 Ο.
2460 4871 2522 4934 p.
2558 4841 2746 4928 23b).

934 4957 1228 5046 Operarii
1291 4994 1360 5004 -
1415 4961 1950 5044 deliberauerunt,
2001 4961 2191 5047 quod,
2244 4971 2388 5026 cum
2435 4962 2559 5028 hoc
2606 4964 2707 5046 sit,
2759 4960 2931 5048 quod

707 5073 906 5141 Loste
953 5087 1018 5141 et
1107 5071 1132 5250 }
1180 5073 1352 5140 Pieri
1413 5077 1758 5162 Asserelli‚
1808 5077 2119 5163 magistri,
2184 5077 2628 5143 conduxerunt
2686 5102 2725 5143 a
2782 5078 2956 5143 dicta
3014 5098 3209 5163 opera
3267 5074 3586 5160 quendam

707 5192 938 5257 Justus
1178 5216 1460 5277 murum,
1521 5195 1804 5280 positum
1866 5216 2058 5280 supe-r
2102 5195 2385 5281 plateam
2434 5194 2856 5279 dominorum,
2908 5203 2971 5259 et
3017 5193 3213 5258 etiam
3262 5201 3587 5257 construc-
