4009 5859
1787 417 1912 485 185

408 596 697 684 singulas
744 620 1062 685 expensas
1110 608 1177 662 et
1232 597 1585 662 solutiones
1649 599 1983 663 camerarii
2043 597 2334 662 comunis
2381 595 2708 662 Florentie
2756 639 2838 648 -—
2889 640 2972 648 —
3028 599 3282 687 possint

411 751 493 761 -—
519 712 881 800 expendere
908 714 1147 779 —illis
1180 713 1475 801 personis
1509 723 1571 777 et
1602 714 1669 778 in
1701 714 2060 799 quantitate
2095 724 2158 777 et
2189 713 2676 799 quantitatibus»,
2712 715 2945 800 quibus
2969 717 3282 803 placuerit

408 839 472 892 et
528 828 856 895 uidebitur
924 830 1202 895 dominis
1272 829 1596 917 prioribus
1653 829 1889 894 artium
1946 837 2013 893 et
2079 826 2440 893 uexillifero
2498 829 2762 895 iustitie.
2861 831 2950 896 Et
3015 833 3282 919 insuper

408 943 728 1028 offitiales,
778 967 891 1032 pro
940 946 1197 1011 comuni
1244 945 1572 1012 Florentie
1618 945 1815 1032 positi
1862 955 1927 1008 et
1972 945 2262 1030 deputati
2309 945 2392 1009 ad
2437 947 2595 1031 iura,
2645 947 2818 1011 bona
2863 957 2927 1013 et
2971 971 3074 1015 res
3123 949 3281 1014 dicti

410 1062 699 1127 comunis
744 1062 1207 1128 reinuenienda
1260 1074 1323 1127 et
1354 1062 1809 1149 recuperanda,
1862 1102 1945 1111 —
1993 1060 2248 1149 possint
2280 1102 2360 1110 —
2395 1061 2663 1146 soluere,
2717 1097 2794 1108 -
2845 1065 3080 1149 quibus
3110 1065 3281 1152 plac·

409 1178 576 1242 uerit
623 1177 902 1243 dominis
933 1178 1255 1264 prioribus
1289 1179 1523 1243 artium
1556 1190 1621 1244 et
1666 1177 2029 1244 uexillifero
2062 1179 2329 1244 iustitie.
2367 1218 2448 1227 —
2485 1218 2566 1227 —
2615 1175 2936 1244 Offitiales
2969 1181 3162 1246 etiam
3198 1221 3280 1230 ——

408 1293 663 1379 possint
708 1293 962 1378 eligere,
1010 1330 1092 1339 —
1126 1317 1287 1380 quos
1320 1303 1384 1359 et
1423 1305 1577 1380 quot
1608 1294 1948 1378 uoluerint,
1986 1333 2069 1342 -—
2103 1303 2292 1381 prout
2323 1293 2569 1358 eisdem
2600 1295 2926 1360 uidebitur
2955 1296 3280 1382 expedire.

407 1410 487 1475 In
536 1411 770 1497 quibus
818 1420 881 1475 et
927 1433 1121 1497 super
1165 1411 1399 1496 quibus
1446 1411 1745 1476 omnibus
1793 1419 1857 1474 et
1904 1409 2177 1495 singulis
2221 1449 2304 1458 —
2339 1408 2583 1475 domini
2629 1411 2874 1497 priores
2923 1421 2987 1476 et
3033 1411 3284 1476 uexilli-

407 1526 503 1591 fer
536 1566 617 1576 —
650 1526 935 1616 habeant
978 1526 1236 1614 plenam
1284 1536 1348 1592 et
1393 1527 1665 1593 liberam
1710 1527 2044 1592 licentiam
2089 1535 2210 1592 cet.
2287 1525 2488 1592 Diese
2521 1523 2864 1591 Provision
2895 1526 3050 1612 geht
3081 1527 3283 1593 durch

410 1642 535 1707 alle
576 1642 713 1707 drei
758 1642 1126 1710 Instanzen.

634 1829 743 1896 19.
815 1831 1006 1896 Anno
1064 1837 1237 1896 1298
1298 1825 1471 1914 (99),
1528 1831 1874 1895 indictione
1928 1836 2046 1910 12,
2106 1832 2208 1894 die
2265 1835 2352 1893 26
2405 1832 2683 1895 intrante
2724 1852 2932 1896 mense
2973 1831 3289 1897 «Ianuarii

299 1987 303 1991 -
410 1945 688 2032 (Provis.
720 1947 871 2012 filza
914 1949 955 2014 9
1002 1969 1063 2034 p.
1103 1948 1301 2030 1411),
1352 1945 1537 2032 Gaye
1583 1946 1616 2009 I
1664 1969 1725 2032 p.
1760 1940 1939 2028 442).

631 2081 799 2146 Item
844 2081 1257 2168 infrascripta
1286 2081 1589 2168 prouisi0,
1625 2102 1817 2166 super
1854 2078 2303 2166 infrascriptiS,
2338 2087 2408 2144 ut
2441 2102 2637 2166 supra
2667 2079 2910 2146 dictum
2943 2091 3058 2167 est,
3111 2083 3287 2148 edita

410 2207 475 2262 et
518 2197 707 2262 facta.
760 2237 842 2246 -—
891 2196 1234 2263 Prouisum
1280 2236 1363 2246 —
1408 2195 1545 2279 fuit,
1596 2195 1766 2281 quod
1814 2194 1895 2260 de
1942 2203 2153 2259 cetero
2203 2195 2539 2260 camerarii
2597 2197 2888 2262 comunis
2935 2196 3281 2283 Florentie,

411 2315 519 2400 qui
563 2336 681 2401 pro
728 2325 1015 2400 tempore
1058 2313 1316 2396 fuerint,
1368 2335 1407 2378 a
1451 2311 1771 2377 kallendis
1817 2311 2062 2376 mensis
2107 2309 2472 2394 Februarii,
2525 2312 2815 2396 proxime
2865 2315 3142 2399 uenturi,
3213 2315 3282 2379 in

412 2439 603 2495 antea
658 2429 1057 2515 quibuslibet
1114 2429 1364 2495 duobus
1422 2429 1782 2512 mensibuS,
1856 2428 2162 2493 uidelicet
2215 2439 2499 2515 tempore
2559 2428 2902 2495 cuiuslibet
2950 2432 3284 2497 camarlin-

410 2555 615 2632 gatuS,
665 2547 1009 2611 iuramenti
1056 2546 1318 2611 uinculo
1365 2547 1434 2611 in
1480 2546 1706 2632 pretiis
1754 2555 1818 2609 et
1864 2567 1979 2630 pro
2027 2544 2252 2632 pretiis
2300 2545 2587 2631 ipsarum
2635 2545 2987 2631 domorum,
3034 2546 3284 2613 hediffi-

411 2663 647 2727 tiorum
702 2673 766 2728 et
811 2671 1237 2746 terrenorum,
1287 2661 1579 2748 predicta
1624 2661 1703 2725 de
1752 2683 1947 2726 causa
1993 2671 2353 2747 emptarum
2394 2669 2459 2725 et
2505 2671 2865 2748 emptorum
2913 2685 3028 2727 seu
3073 2686 3284 2730 emen·
3397 2727 3408 2736 ,

412 2778 639 2843 darum
670 2788 733 2843 et
757 2778 1191 2862 emendorum,
1228 2788 1297 2843 ut
1330 2778 1571 2842 dictum
1596 2786 1713 2860 est,
1746 2799 1863 2863 pro
1898 2777 2156 2842 comuni
2186 2776 2476 2864 predicto
2501 2787 2564 2840 et
2595 2799 2710 2864 pro
2740 2777 3026 2863 ipsorum
3049 2779 3283 2866 pretio·

408 2917 552 2959 rum
597 2893 1068 2978 satisfactione3
1143 2916 1263 2959 nec
1308 2917 1441 2959 non
1486 2894 1555 2958 in
1600 2893 1974 2959 reffectione
2022 2902 2086 2957 et
2132 2915 2248 2980 pro
2295 2892 2699 2977 reffectione,
2769 2895 3174 2976 reparatione
3222 2905 3286 2960 et

410 3011 887 3077 constructione
943 3019 1007 3075 et
1060 3010 1539 3076 hedifficatione
1598 3010 1884 3096 ipsarum
1945 3009 2283 3074 domorum
2336 3009 2521 3072 iuxta
2572 3008 2844 3074 formam
2898 3018 2962 3074 et
3015 3011 3286 3076 auctori-

408 3135 606 3192 tatem
659 3137 725 3192 et
784 3127 1003 3212 uigore
1062 3126 1590 3192 reformationum
1645 3125 2080 3211 predictorum
2135 3124 2549 3190 consiliorum
2606 3126 2824 3211 populi
2883 3135 2948 3190 et
2994 3127 3285 3192 comunis

410 3241 753 3328 Florentie,
804 3266 997 3329 super
1040 3243 1188 3327 hiis,
1238 3254 1309 3307 ut
1354 3265 1549 3329 supra
1580 3242 1833 3326 dicitur,
1882 3242 2016 3306 iam
2061 3241 2478 3327 solempniter
2509 3240 2826 3306 editarum
2857 3251 2920 3305 et
2949 3241 3282 3327 factarum,

410 3368 751 3425 teneantur
804 3369 869 3423 et
924 3359 1203 3424 debeant
1254 3381 1369 3446 pro
1427 3358 1687 3424 comuni
1754 3357 2043 3445 predicto
2099 3367 2163 3422 et
2231 3357 2311 3422 de
2367 3357 2571 3443 ipsius
2643 3359 2934 3422 comunis
2989 3359 3282 3444 pecunia,

412 3474 615 3541 donec
660 3476 867 3562 pretia
911 3475 1055 3562 ipsa
1100 3474 1453 3559 domorum,
1502 3483 1906 3539 terrenorum
1951 3481 2016 3537 et
2044 3471 2504 3537 hediffitiorum
2535 3472 2937 3558 integraliter
2983 3473 3194 3538 soluta
3223 3483 3287 3537 et

412 3590 743 3656 satisfacta
785 3590 1041 3674 fuerint,
1108 3599 1174 3654 et
1229 3589 1433 3656 donec
1487 3591 1775 3676 ipsarum
1818 3589 2155 3654 domorum
2209 3589 2495 3654 reffectio
2545 3600 2609 3655 et
2653 3590 2973 3676 reparatio
3023 3600 3088 3654 et
3134 3612 3282 3655 con-

412 3706 679 3771 structio
728 3715 792 3772 et
838 3705 1230 3771 hedifficatio
1276 3706 1448 3772 facta
1475 3705 1671 3771 fuerit
1717 3716 1781 3771 et
1828 3705 2164 3792 completa,
2216 3703 2599 3790 expendere,
2650 3704 2898 3770 soluere
2947 3714 3011 3768 et
3056 3727 3284 3770 conue-

411 3829 545 3886 tere
592 3821 673 3886 ad
718 3822 931 3888 minus
980 3844 1181 3908 usque
1227 3821 1297 3886 in
1349 3822 1771 3908 quantitatem
1821 3829 1885 3886 et
1930 3843 2248 3886 summam
2295 3822 2470 3886 1000
2512 3819 2899 3884 florenorum
2947 3821 3104 3903 auri,
3164 3821 3284 3886 sub

410 3959 577 4024 pena
617 3937 929 4004 librarum
979 3937 1109 4005 100
1130 3937 1194 4004 ·f.
1227 3960 1289 4023 p.
1338 3960 1453 4024 pro
1499 3937 1788 4024 quolibet
1844 3937 2195 4002 camerario
2251 3935 2529 4002 seculari
2573 3935 3080 4016 contrafaciente·
3119 3945 3238 4002 cet.

633 4123 753 4189 20.
825 4124 906 4190 In
952 4123 1079 4190 Dei
1122 4125 1387 4190 nomine
1432 4125 1669 4190 Amen.
1739 4123 2086 4190 Dominice
2131 4123 2605 4188 Incarnationis
2663 4144 2830 4187 anno
2887 4128 3060 4186 1298
3117 4119 3283 4206 (99),

410 4243 753 4306 indictione
784 4248 893 4322 12,
944 4243 1045 4306 die
1076 4248 1161 4304 17
1210 4241 1441 4306 Martii
1483 4237 1795 4328 (Capitoli
1829 4241 1916 4307 30
1959 4264 2022 4329 p.
2061 4235 2286 4322 159a).

630 4375 848 4458 Janni,
898 4375 1071 4440 filius
1118 4375 1275 4440 olim
1321 4371 1579 4440 Cambii
1620 4374 1697 4439 de
1738 4375 1805 4440 la
1832 4373 2072 4458 Barba,
2123 4373 2201 4437 de
2249 4373 2485 4461 populo
2533 4373 2740 4437 sancti
2788 4369 2964 4435 Petri
3009 4367 3282 4456 Scradii,

416 4530 496 4538 —
548 4490 839 4555 uendidit
891 4530 968 4538 —
1026 4489 1214 4554 Maso
1261 4489 1363 4554 del
1410 4489 1603 4555 Forte
1652 4500 1715 4554 et
1761 4488 1998 4554 Puccio
2047 4488 2462 4573 Boninsegne
2519 4488 2597 4552 de
2650 4486 3070 4569 Abruxiatis,
3131 4487 3284 4551 ciui·

414 4607 533 4670 bus
580 4605 992 4690 Florentinis,
1043 4605 1312 4671 sindicis
1359 4607 1650 4671 comunis
1698 4605 2044 4690 Florentio,
2097 4645 2180 4654 —
2230 4604 2488 4670 domum
2536 4625 2731 4668 unam
2777 4603 2916 4668 siue
2963 4611 3288 4667 terrenum

415 4731 522 4785 aut
569 4721 871 4804 casolare,
922 4743 1114 4807 super
1160 4744 1283 4806 quo
1330 4718 1544 4807 fuit1)
1600 4723 1754 4786 olim
1801 4732 1865 4786 et
1911 4729 2050 4786 erat
2095 4721 2439 4786 hedificata
2483 4719 2710 4785 domus
2758 4718 3034 4805 quedam
3079 4717 3284 4803 ipsius

590 4968 631 5036 ¹)
668 4965 781 5021 Das
820 4965 970 5021 Hans
1004 4983 1117 5022 war
1148 4967 1262 5020 also
1286 4967 1487 5021 bereits
1515 4967 1845 5038 abgerissen,
1884 4966 2056 5021 bevor
2080 4965 2169 5020 die
2191 4963 2638 5035 Entschadigung
2663 4962 2820 5017 dafur
2845 4961 3058 5035 gezahlt
3080 4961 3284 5018 wurde.

412 5053 525 5110 Der
579 5057 635 5108 in
686 5054 784 5109 der
820 5054 1451 5127 Beurkundungsformel
1487 5061 1752 5128 genannte
1789 5055 2037 5126 ,Palazzo
2079 5053 2168 5109 del
2203 5052 2432 5125 Popolo‘
2469 5070 2580 5107 war
2617 5051 2758 5106 wohl
2796 5053 2882 5106 ein
2917 5050 3284 5122 provisorisch

414 5141 788 5215 gemietheter,
834 5142 1105 5198 vielleicht
1141 5143 1247 5198 den
1285 5143 1505 5198 Tizzoni
1542 5143 1779 5215 geborig.

594 5231 699 5286 Mit
738 5249 815 5287 nr.
842 5233 915 5286 20
956 5233 1227 5304 beginnen
1274 5231 1362 5286 die
1400 5230 1810 5286 Confluationen
1848 5231 1947 5286 der
1982 5231 2218 5300 Hauser‚
2265 5228 2466 5284 welche
2503 5228 2739 5283 ehemals
2778 5227 2873 5282 auf
2904 5227 3024 5282 dem
3065 5225 3285 5281 Terrain

522 5341 688 5393 Prey,
722 5341 793 5380 dle
822 5341 994 5391 Boggia
1023 5340 1093 5380 dei
1120 5338 1309 5389 signori.
2793 5335 2864 5388 24
