<?xml version="1.0" encoding="UTF-8"?>
<!DOCTYPE html PUBLIC "-//W3C//DTD XHTML 1.0 Transitional//EN"
    "http://www.w3.org/TR/xhtml1/DTD/xhtml1-transitional.dtd">
<html xmlns="http://www.w3.org/1999/xhtml" xml:lang="en" lang="en">
 <head>
  <title>
</title>
<meta http-equiv="Content-Type" content="text/html;charset=utf-8" />
  <meta name='ocr-system' content='tesseract 3.04.00' />
  <meta name='ocr-capabilities' content='ocr_page ocr_carea ocr_par ocr_line ocrx_word'/>
</head>
<body>
  <div class='ocr_page' id='page_1' title='image "./dieloggiadeilan00unkngoog_0226.png"; bbox 0 0 4009 5859; ppageno 0'>
   <div class='ocr_carea' id='block_1_1' title="bbox 2090 423 2222 487">
    <p class='ocr_par' dir='ltr' id='par_1_1' title="bbox 2090 423 2222 487">
     <span class='ocr_line' id='line_1_1' title="bbox 2090 423 2222 487; baseline 0.008 -1"><span class='ocrx_word' id='word_1_1' title='bbox 2090 423 2222 487; x_wconf 80' lang='lat'>210</span> 
     </span>
    </p>
   </div>
   <div class='ocr_carea' id='block_1_2' title="bbox 706 599 3607 3962">
    <p class='ocr_par' dir='ltr' id='par_1_2' title="bbox 706 599 3607 3962">
     <span class='ocr_line' id='line_1_2' title="bbox 706 599 3593 687; baseline 0 -24"><span class='ocrx_word' id='word_1_2' title='bbox 706 599 829 663; x_wconf 91' lang='lat' dir='ltr'>tini</span> <span class='ocrx_word' id='word_1_3' title='bbox 898 610 962 664; x_wconf 91' lang='lat' dir='ltr'>et</span> <span class='ocrx_word' id='word_1_4' title='bbox 1032 624 1250 664; x_wconf 88' lang='lat' dir='ltr'>eorum</span> <span class='ocrx_word' id='word_1_5' title='bbox 1297 599 1689 684; x_wconf 87' lang='lat' dir='ltr'>offitialium,</span> <span class='ocrx_word' id='word_1_6' title='bbox 1763 600 1936 686; x_wconf 90' lang='lat' dir='ltr'>quod</span> <span class='ocrx_word' id='word_1_7' title='bbox 1983 601 2201 687; x_wconf 80' lang='lat' dir='ltr'>platea</span> <span class='ocrx_word' id='word_1_8' title='bbox 2244 601 2467 687; x_wconf 87' lang='lat' dir='ltr'>palatii</span> <span class='ocrx_word' id='word_1_9' title='bbox 2516 624 2695 665; x_wconf 89' lang='lat' dir='ltr'>more</span> <span class='ocrx_word' id='word_1_10' title='bbox 2742 600 3151 666; x_wconf 87' lang='lat' dir='ltr'>dominorum</span> <span class='ocrx_word' id='word_1_11' title='bbox 3196 601 3483 687; x_wconf 87' lang='lat' dir='ltr'><strong>priorum</strong></span> <span class='ocrx_word' id='word_1_12' title='bbox 3529 610 3593 666; x_wconf 91' lang='lat' dir='ltr'>et</span> 
     </span>
     <span class='ocr_line' id='line_1_3' title="bbox 708 716 3591 804; baseline 0.001 -23"><span class='ocrx_word' id='word_1_13' title='bbox 708 716 1054 782; x_wconf 83' lang='lat' dir='ltr'>uexilliferi</span> <span class='ocrx_word' id='word_1_14' title='bbox 1102 717 1348 782; x_wconf 84' lang='lat' dir='ltr'>iustitie</span> <span class='ocrx_word' id='word_1_15' title='bbox 1395 741 1510 804; x_wconf 91' lang='lat' dir='ltr'>pro</span> <span class='ocrx_word' id='word_1_16' title='bbox 1559 718 1787 782; x_wconf 87' lang='lat' dir='ltr'>decore</span> <span class='ocrx_word' id='word_1_17' title='bbox 1837 717 1992 782; x_wconf 88' lang='lat' dir='ltr'>dicti</span> <span class='ocrx_word' id='word_1_18' title='bbox 2044 718 2265 804; x_wconf 87' lang='lat' dir='ltr'>palatii</span> <span class='ocrx_word' id='word_1_19' title='bbox 2314 727 2379 782; x_wconf 88' lang='lat' dir='ltr'>et</span> <span class='ocrx_word' id='word_1_20' title='bbox 2425 718 2623 782; x_wconf 89' lang='lat' dir='ltr'>totius</span> <span class='ocrx_word' id='word_1_21' title='bbox 2674 717 2958 782; x_wconf 84' lang='lat' dir='ltr'>ciuitatis</span> <span class='ocrx_word' id='word_1_22' title='bbox 2992 716 3319 782; x_wconf 89' lang='lat' dir='ltr'>Florentie</span> <span class='ocrx_word' id='word_1_23' title='bbox 3368 729 3428 782; x_wconf 89' lang='lat' dir='ltr'>et</span> <span class='ocrx_word' id='word_1_24' title='bbox 3476 741 3591 804; x_wconf 90' lang='lat' dir='ltr'>pro</span> 
     </span>
     <span class='ocr_line' id='line_1_4' title="bbox 706 833 3593 922; baseline 0.001 -24"><span class='ocrx_word' id='word_1_25' title='bbox 706 833 994 899; x_wconf 91' lang='lat' dir='ltr'>euidenti</span> <span class='ocrx_word' id='word_1_26' title='bbox 1041 835 1320 899; x_wconf 87' lang='lat' dir='ltr'>utilitate</span> <span class='ocrx_word' id='word_1_27' title='bbox 1369 844 1433 899; x_wconf 88' lang='lat' dir='ltr'>et</span> <span class='ocrx_word' id='word_1_28' title='bbox 1477 835 1912 922; x_wconf 79' lang='lat' dir='ltr'><strong>pulcritudine</strong></span> <span class='ocrx_word' id='word_1_29' title='bbox 1961 836 2165 921; x_wconf 90' lang='lat' dir='ltr'>ipsius</span> <span class='ocrx_word' id='word_1_30' title='bbox 2214 834 2423 922; x_wconf 83' lang='lat' dir='ltr'>platee</span> <span class='ocrx_word' id='word_1_31' title='bbox 2472 845 2645 900; x_wconf 82' lang='lat' dir='ltr'>esset</span> <span class='ocrx_word' id='word_1_32' title='bbox 2692 845 2825 900; x_wconf 89' lang='lat' dir='ltr'>tota</span> <span class='ocrx_word' id='word_1_33' title='bbox 2868 835 3264 900; x_wconf 85' lang='lat' dir='ltr'>lastricanda</span> <span class='ocrx_word' id='word_1_34' title='bbox 3294 837 3593 901; x_wconf 86' lang='lat' dir='ltr'>mattoni-</span> 
     </span>
     <span class='ocr_line' id='line_1_5' title="bbox 709 952 3593 1040; baseline 0 -23"><span class='ocrx_word' id='word_1_35' title='bbox 709 953 830 1018; x_wconf 90' lang='lat' dir='ltr'>bus</span> <span class='ocrx_word' id='word_1_36' title='bbox 867 976 995 1017; x_wconf 81' lang='lat' dir='ltr'>seu</span> <span class='ocrx_word' id='word_1_37' title='bbox 1039 953 1378 1036; x_wconf 79' lang='lat' dir='ltr'>lateribuS,</span> <span class='ocrx_word' id='word_1_38' title='bbox 1452 977 1530 1016; x_wconf 86' lang='lat' dir='ltr'>ex</span> <span class='ocrx_word' id='word_1_39' title='bbox 1581 975 1654 1016; x_wconf 89' lang='lat' dir='ltr'>eo</span> <span class='ocrx_word' id='word_1_40' title='bbox 1703 952 2012 1035; x_wconf 84' lang='lat' dir='ltr'>maxime,</span> <span class='ocrx_word' id='word_1_41' title='bbox 2084 952 2255 1038; x_wconf 88' lang='lat' dir='ltr'>quod</span> <span class='ocrx_word' id='word_1_42' title='bbox 2304 962 2489 1017; x_wconf 83' lang='lat' dir='ltr'>extra</span> <span class='ocrx_word' id='word_1_43' title='bbox 2534 953 2747 1039; x_wconf 83' lang='lat' dir='ltr'><strong>ipsam</strong></span> <span class='ocrx_word' id='word_1_44' title='bbox 2796 954 3078 1040; x_wconf 77' lang='lat' dir='ltr'>plateam</span> <span class='ocrx_word' id='word_1_45' title='bbox 3124 962 3409 1040; x_wconf 88' lang='lat' dir='ltr'>tempore</span> <span class='ocrx_word' id='word_1_46' title='bbox 3457 954 3593 1040; x_wconf 88' lang='lat' dir='ltr'>plu&#39;·</span> 
     </span>
     <span class='ocr_line' id='line_1_6' title="bbox 706 1070 3595 1158; baseline 0 -25"><span class='ocrx_word' id='word_1_47' title='bbox 706 1070 961 1134; x_wconf 85' lang='lat' dir='ltr'>uiarum</span> <span class='ocrx_word' id='word_1_48' title='bbox 1033 1071 1222 1134; x_wconf 85' lang='lat' dir='ltr'>citius</span> <span class='ocrx_word' id='word_1_49' title='bbox 1293 1071 1448 1135; x_wconf 90' lang='lat' dir='ltr'>fluet</span> <span class='ocrx_word' id='word_1_50' title='bbox 1517 1093 1685 1156; x_wconf 85' lang='lat' dir='ltr'>aqua</span> <span class='ocrx_word' id='word_1_51' title='bbox 1755 1081 1818 1134; x_wconf 89' lang='lat' dir='ltr'>et</span> <span class='ocrx_word' id='word_1_52' title='bbox 1876 1071 2091 1156; x_wconf 81' lang='lat' dir='ltr'>platea</span> <span class='ocrx_word' id='word_1_53' title='bbox 2146 1070 2435 1156; x_wconf 88' lang='lat' dir='ltr'>predicta</span> <span class='ocrx_word' id='word_1_54' title='bbox 2482 1070 2690 1134; x_wconf 89' lang='lat' dir='ltr'>nitida</span> <span class='ocrx_word' id='word_1_55' title='bbox 2734 1080 3125 1153; x_wconf 82' lang='lat' dir='ltr'>remaneret,</span> <span class='ocrx_word' id='word_1_56' title='bbox 3198 1081 3261 1134; x_wconf 91' lang='lat' dir='ltr'>et</span> <span class='ocrx_word' id='word_1_57' title='bbox 3307 1081 3595 1158; x_wconf 88' lang='lat' dir='ltr'>tempore</span> 
     </span>
     <span class='ocr_line' id='line_1_7' title="bbox 707 1187 3591 1275; baseline -0.001 -21"><span class='ocrx_word' id='word_1_58' title='bbox 707 1199 1049 1254; x_wconf 89' lang='lat' dir='ltr'>uentorum</span> <span class='ocrx_word' id='word_1_59' title='bbox 1107 1188 1320 1275; x_wconf 88' lang='lat' dir='ltr'>puluis</span> <span class='ocrx_word' id='word_1_60' title='bbox 1370 1197 1434 1252; x_wconf 88' lang='lat' dir='ltr'>et</span> <span class='ocrx_word' id='word_1_61' title='bbox 1478 1187 1756 1274; x_wconf 74' lang='lat' dir='ltr'>lapideS,</span> <span class='ocrx_word' id='word_1_62' title='bbox 1830 1189 1938 1273; x_wconf 90' lang='lat' dir='ltr'>qui</span> <span class='ocrx_word' id='word_1_63' title='bbox 1989 1197 2051 1252; x_wconf 90' lang='lat' dir='ltr'>et</span> <span class='ocrx_word' id='word_1_64' title='bbox 2100 1209 2222 1273; x_wconf 90' lang='lat' dir='ltr'>que</span> <span class='ocrx_word' id='word_1_65' title='bbox 2270 1210 2536 1252; x_wconf 89' lang='lat' dir='ltr'>numero</span> <span class='ocrx_word' id='word_1_66' title='bbox 2586 1187 2917 1253; x_wconf 89' lang='lat' dir='ltr'>abundant</span> <span class='ocrx_word' id='word_1_67' title='bbox 2964 1189 3033 1252; x_wconf 91' lang='lat' dir='ltr'>in</span> <span class='ocrx_word' id='word_1_68' title='bbox 3080 1197 3143 1252; x_wconf 88' lang='lat' dir='ltr'>et</span> <span class='ocrx_word' id='word_1_69' title='bbox 3191 1211 3384 1274; x_wconf 89' lang='lat' dir='ltr'>super</span> <span class='ocrx_word' id='word_1_70' title='bbox 3430 1189 3591 1274; x_wconf 86' lang='lat' dir='ltr'>ipsa,</span> 
     </span>
     <span class='ocr_line' id='line_1_8' title="bbox 710 1305 3594 1390; baseline -0.001 -19"><span class='ocrx_word' id='word_1_71' title='bbox 710 1307 1022 1371; x_wconf 86' lang='lat' dir='ltr'>carebunt</span> <span class='ocrx_word' id='word_1_72' title='bbox 1091 1316 1151 1370; x_wconf 86' lang='lat' dir='ltr'>et</span> <span class='ocrx_word' id='word_1_73' title='bbox 1222 1329 1354 1370; x_wconf 90' lang='lat' dir='ltr'>non</span> <span class='ocrx_word' id='word_1_74' title='bbox 1424 1305 1752 1370; x_wconf 88' lang='lat' dir='ltr'>abundare</span> <span class='ocrx_word' id='word_1_75' title='bbox 1811 1305 2121 1370; x_wconf 90' lang='lat' dir='ltr'>ualebunt</span> <span class='ocrx_word' id='word_1_76' title='bbox 2168 1306 2236 1368; x_wconf 89' lang='lat' dir='ltr'>in</span> <span class='ocrx_word' id='word_1_77' title='bbox 2285 1305 2429 1390; x_wconf 86' lang='lat' dir='ltr'>ipsa</span> <span class='ocrx_word' id='word_1_78' title='bbox 2478 1315 2738 1390; x_wconf 90' lang='lat' dir='ltr'>propter</span> <span class='ocrx_word' id='word_1_79' title='bbox 2782 1305 3117 1370; x_wconf 88' lang='lat' dir='ltr'>lastricum</span> <span class='ocrx_word' id='word_1_80' title='bbox 3164 1306 3465 1388; x_wconf 88' lang='lat' dir='ltr'>laterum,</span> <span class='ocrx_word' id='word_1_81' title='bbox 3540 1306 3594 1368; x_wconf 84' lang='lat' dir='ltr'>si</span> 
     </span>
     <span class='ocr_line' id='line_1_9' title="bbox 707 1421 3594 1509; baseline -0 -22"><span class='ocrx_word' id='word_1_82' title='bbox 707 1425 908 1508; x_wconf 84' lang='lat' dir='ltr'>fieret,</span> <span class='ocrx_word' id='word_1_83' title='bbox 960 1422 1128 1508; x_wconf 88' lang='lat' dir='ltr'>quod</span> <span class='ocrx_word' id='word_1_84' title='bbox 1177 1421 1552 1509; x_wconf 83' lang='lat' dir='ltr'>procederet</span> <span class='ocrx_word' id='word_1_85' title='bbox 1599 1422 1914 1508; x_wconf 85' lang='lat' dir='ltr'>equaliter</span> <span class='ocrx_word' id='word_1_86' title='bbox 1961 1431 2024 1486; x_wconf 87' lang='lat' dir='ltr'>ct</span> <span class='ocrx_word' id='word_1_87' title='bbox 2070 1445 2201 1486; x_wconf 89' lang='lat' dir='ltr'>non</span> <span class='ocrx_word' id='word_1_88' title='bbox 2250 1422 2491 1486; x_wconf 88' lang='lat' dir='ltr'>sineret</span> <span class='ocrx_word' id='word_1_89' title='bbox 2534 1422 2864 1508; x_wconf 87' lang='lat' dir='ltr'>puluerem</span> <span class='ocrx_word' id='word_1_90' title='bbox 2896 1422 3180 1508; x_wconf 85' lang='lat' dir='ltr'><strong>aliquam</strong></span> <span class='ocrx_word' id='word_1_91' title='bbox 3212 1422 3315 1486; x_wconf 89' lang='lat' dir='ltr'>uel</span> <span class='ocrx_word' id='word_1_92' title='bbox 3346 1421 3594 1509; x_wconf 86' lang='lat' dir='ltr'>lapides</span> 
     </span>
     <span class='ocr_line' id='line_1_10' title="bbox 709 1538 3594 1625; baseline 0 -21"><span class='ocrx_word' id='word_1_93' title='bbox 709 1563 1044 1624; x_wconf 81' lang='lat' dir='ltr'>agregare3</span> <span class='ocrx_word' id='word_1_94' title='bbox 1098 1541 1178 1604; x_wconf 84' lang='lat' dir='ltr'>ob</span> <span class='ocrx_word' id='word_1_95' title='bbox 1229 1541 1410 1604; x_wconf 88' lang='lat' dir='ltr'>cuius</span> <span class='ocrx_word' id='word_1_96' title='bbox 1459 1539 1550 1602; x_wconf 88' lang='lat' dir='ltr'>rei</span> <span class='ocrx_word' id='word_1_97' title='bbox 1601 1561 1862 1603; x_wconf 84' lang='lat' dir='ltr'>causam</span> <span class='ocrx_word' id='word_1_98' title='bbox 1909 1538 2111 1603; x_wconf 91' lang='lat' dir='ltr'>multo</span> <span class='ocrx_word' id='word_1_99' title='bbox 2160 1539 2366 1623; x_wconf 84' lang='lat' dir='ltr'>magis</span> <span class='ocrx_word' id='word_1_100' title='bbox 2417 1538 2823 1602; x_wconf 83' lang='lat' dir='ltr'>delectabilis</span> <span class='ocrx_word' id='word_1_101' title='bbox 2872 1551 2935 1602; x_wconf 87' lang='lat' dir='ltr'>et</span> <span class='ocrx_word' id='word_1_102' title='bbox 2982 1539 3264 1625; x_wconf 87' lang='lat' dir='ltr'>pulcrior</span> <span class='ocrx_word' id='word_1_103' title='bbox 3295 1539 3594 1604; x_wconf 85' lang='lat' dir='ltr'>omnibus</span> 
     </span>
     <span class='ocr_line' id='line_1_11' title="bbox 711 1655 3593 1742; baseline -0 -22"><span class='ocrx_word' id='word_1_104' title='bbox 711 1666 1074 1742; x_wconf 79' lang='lat' dir='ltr'>appareret,</span> <span class='ocrx_word' id='word_1_105' title='bbox 1150 1667 1214 1720; x_wconf 90' lang='lat' dir='ltr'>et</span> <span class='ocrx_word' id='word_1_106' title='bbox 1282 1656 1475 1720; x_wconf 86' lang='lat' dir='ltr'>etiam</span> <span class='ocrx_word' id='word_1_107' title='bbox 1523 1655 1765 1719; x_wconf 88' lang='lat' dir='ltr'>dictum</span> <span class='ocrx_word' id='word_1_108' title='bbox 1815 1656 2126 1741; x_wconf 83' lang='lat' dir='ltr'>palatium</span> <span class='ocrx_word' id='word_1_109' title='bbox 2172 1656 2379 1740; x_wconf 82' lang='lat' dir='ltr'>magis</span> <span class='ocrx_word' id='word_1_110' title='bbox 2428 1664 2727 1720; x_wconf 89' lang='lat' dir='ltr'>ornatum</span> <span class='ocrx_word' id='word_1_111' title='bbox 2775 1665 2836 1720; x_wconf 84' lang='lat' dir='ltr'>et</span> <span class='ocrx_word' id='word_1_112' title='bbox 2888 1655 3194 1722; x_wconf 88' lang='lat' dir='ltr'>decorum</span> <span class='ocrx_word' id='word_1_113' title='bbox 3238 1665 3593 1742; x_wconf 85' lang='lat' dir='ltr'>appareret,</span> 
     </span>
     <span class='ocr_line' id='line_1_12' title="bbox 713 1771 3595 1858; baseline -0 -21"><span class='ocrx_word' id='word_1_114' title='bbox 713 1773 768 1838; x_wconf 89' lang='lat' dir='ltr'>si</span> <span class='ocrx_word' id='word_1_115' title='bbox 817 1781 999 1858; x_wconf 85' lang='lat' dir='ltr'>porta</span> <span class='ocrx_word' id='word_1_116' title='bbox 1047 1772 1267 1858; x_wconf 86' lang='lat' dir='ltr'>palatii</span> <span class='ocrx_word' id='word_1_117' title='bbox 1321 1771 1672 1857; x_wconf 76' lang='lat' dir='ltr'>supradicti</span> <span class='ocrx_word' id='word_1_118' title='bbox 1722 1795 1948 1836; x_wconf 85' lang='lat' dir='ltr'>uersus</span> <span class='ocrx_word' id='word_1_119' title='bbox 1996 1771 2309 1858; x_wconf 84' lang='lat' dir='ltr'>palatium</span> <span class='ocrx_word' id='word_1_120' title='bbox 2358 1795 2534 1836; x_wconf 86' lang='lat' dir='ltr'>more</span> <span class='ocrx_word' id='word_1_121' title='bbox 2584 1771 2948 1837; x_wconf 84' lang='lat' dir='ltr'>offitialium</span> <span class='ocrx_word' id='word_1_122' title='bbox 2990 1774 3340 1837; x_wconf 88' lang='lat' dir='ltr'>mercantie</span> <span class='ocrx_word' id='word_1_123' title='bbox 3374 1773 3595 1836; x_wconf 84' lang='lat' dir='ltr'>ciuita-</span> 
     </span>
     <span class='ocr_line' id='line_1_13' title="bbox 711 1887 3596 1982; baseline 0 -30"><span class='ocrx_word' id='word_1_124' title='bbox 711 1891 794 1954; x_wconf 85' lang='lat' dir='ltr'>tis</span> <span class='ocrx_word' id='word_1_125' title='bbox 829 1887 1158 1952; x_wconf 87' lang='lat' dir='ltr'>Florentie</span> <span class='ocrx_word' id='word_1_126' title='bbox 1193 1899 1530 1952; x_wconf 88' lang='lat' dir='ltr'>ornaretur</span> <span class='ocrx_word' id='word_1_127' title='bbox 1560 1897 1622 1951; x_wconf 89' lang='lat' dir='ltr'>et</span> <span class='ocrx_word' id='word_1_128' title='bbox 1671 1897 2149 1952; x_wconf 79' lang='lat' dir='ltr'>construeretur</span> <span class='ocrx_word' id='word_1_129' title='bbox 2198 1911 2271 1982; x_wconf 87' lang='lat' dir='ltr'>eo</span> <span class='ocrx_word' id='word_1_130' title='bbox 2320 1888 2511 1953; x_wconf 87' lang='lat' dir='ltr'>modo</span> <span class='ocrx_word' id='word_1_131' title='bbox 2560 1901 2625 1952; x_wconf 90' lang='lat' dir='ltr'>et</span> <span class='ocrx_word' id='word_1_132' title='bbox 2669 1889 2894 1971; x_wconf 84' lang='lat' dir='ltr'>forma,</span> <span class='ocrx_word' id='word_1_133' title='bbox 2946 1899 3136 1975; x_wconf 89' lang='lat' dir='ltr'>prout</span> <span class='ocrx_word' id='word_1_134' title='bbox 3181 1899 3243 1953; x_wconf 87' lang='lat' dir='ltr'>et</span> <span class='ocrx_word' id='word_1_135' title='bbox 3293 1889 3459 1953; x_wconf 85' lang='lat' dir='ltr'>sicut</span> <span class='ocrx_word' id='word_1_136' title='bbox 3501 1913 3596 1953; x_wconf 90' lang='lat' dir='ltr'>or-</span> 
     </span>
     <span class='ocr_line' id='line_1_14' title="bbox 711 2004 3596 2091; baseline 0 -22"><span class='ocrx_word' id='word_1_137' title='bbox 711 2015 864 2069; x_wconf 83' lang='lat' dir='ltr'>nata</span> <span class='ocrx_word' id='word_1_138' title='bbox 912 2015 976 2068; x_wconf 91' lang='lat' dir='ltr'>et</span> <span class='ocrx_word' id='word_1_139' title='bbox 1023 2013 1393 2068; x_wconf 83' lang='lat' dir='ltr'>constructa</span> <span class='ocrx_word' id='word_1_140' title='bbox 1439 2014 1538 2067; x_wconf 82' lang='lat' dir='ltr'>est</span> <span class='ocrx_word' id='word_1_141' title='bbox 1586 2004 1666 2068; x_wconf 87' lang='lat' dir='ltr'>ad</span> <span class='ocrx_word' id='word_1_142' title='bbox 1715 2028 1980 2090; x_wconf 75' lang='lat' dir='ltr'>presens</span> <span class='ocrx_word' id='word_1_143' title='bbox 2030 2014 2215 2090; x_wconf 89' lang='lat' dir='ltr'>porta</span> <span class='ocrx_word' id='word_1_144' title='bbox 2263 2005 2416 2069; x_wconf 91' lang='lat' dir='ltr'>dicti</span> <span class='ocrx_word' id='word_1_145' title='bbox 2467 2005 2692 2091; x_wconf 84' lang='lat' dir='ltr'>palatii</span> <span class='ocrx_word' id='word_1_146' title='bbox 2726 2029 2952 2070; x_wconf 88' lang='lat' dir='ltr'>uersus</span> <span class='ocrx_word' id='word_1_147' title='bbox 2988 2007 3160 2071; x_wconf 88' lang='lat' dir='ltr'>uiam</span> <span class='ocrx_word' id='word_1_148' title='bbox 3191 2006 3596 2089; x_wconf 86' lang='lat' dir='ltr'>Vacareccie,</span> 
     </span>
     <span class='ocr_line' id='line_1_15' title="bbox 715 2120 3595 2207; baseline 0.001 -23"><span class='ocrx_word' id='word_1_149' title='bbox 715 2145 838 2207; x_wconf 92' lang='lat' dir='ltr'>que</span> <span class='ocrx_word' id='word_1_150' title='bbox 887 2123 1108 2186; x_wconf 89' lang='lat' dir='ltr'>omnia</span> <span class='ocrx_word' id='word_1_151' title='bbox 1152 2121 1294 2185; x_wconf 88' lang='lat' dir='ltr'>fieri</span> <span class='ocrx_word' id='word_1_152' title='bbox 1343 2130 1404 2184; x_wconf 88' lang='lat' dir='ltr'>et</span> <span class='ocrx_word' id='word_1_153' title='bbox 1454 2120 1740 2185; x_wconf 73' lang='lat' dir='ltr'>construi</span> <span class='ocrx_word' id='word_1_154' title='bbox 1799 2121 2051 2207; x_wconf 85' lang='lat' dir='ltr'>possint</span> <span class='ocrx_word' id='word_1_155' title='bbox 2098 2122 2449 2185; x_wconf 87' lang='lat' dir='ltr'>honorifice</span> <span class='ocrx_word' id='word_1_156' title='bbox 2502 2163 2584 2170; x_wconf 92' lang='lat'>——</span> <span class='ocrx_word' id='word_1_157' title='bbox 2632 2122 2700 2186; x_wconf 90' lang='lat' dir='ltr'>in</span> <span class='ocrx_word' id='word_1_158' title='bbox 2749 2122 3017 2187; x_wconf 87' lang='lat' dir='ltr'>comodo</span> <span class='ocrx_word' id='word_1_159' title='bbox 3068 2123 3220 2188; x_wconf 85' lang='lat' dir='ltr'>dicti</span> <span class='ocrx_word' id='word_1_160' title='bbox 3274 2123 3595 2204; x_wconf 63' lang='lat' dir='ltr'>comunis-3</span> 
     </span>
     <span class='ocr_line' id='line_1_16' title="bbox 714 2237 3597 2324; baseline -0 -21"><span class='ocrx_word' id='word_1_161' title='bbox 714 2262 909 2324; x_wconf 84' lang='lat' dir='ltr'>quare</span> <span class='ocrx_word' id='word_1_162' title='bbox 972 2237 1155 2302; x_wconf 82' lang='lat' dir='ltr'>uobis</span> <span class='ocrx_word' id='word_1_163' title='bbox 1217 2237 1465 2323; x_wconf 84' lang='lat' dir='ltr'>placeat</span> <span class='ocrx_word' id='word_1_164' title='bbox 1537 2246 1599 2300; x_wconf 85' lang='lat' dir='ltr'>et</span> <span class='ocrx_word' id='word_1_165' title='bbox 1657 2237 1872 2302; x_wconf 86' lang='lat' dir='ltr'>uelitis</span> <span class='ocrx_word' id='word_1_166' title='bbox 1933 2262 2059 2302; x_wconf 88' lang='lat' dir='ltr'>una</span> <span class='ocrx_word' id='word_1_167' title='bbox 2119 2261 2264 2302; x_wconf 92' lang='lat' dir='ltr'>cum</span> <span class='ocrx_word' id='word_1_168' title='bbox 2312 2238 2514 2303; x_wconf 86' lang='lat' dir='ltr'>offitio</span> <span class='ocrx_word' id='word_1_169' title='bbox 2564 2237 2701 2302; x_wconf 85' lang='lat' dir='ltr'>XII</span> <span class='ocrx_word' id='word_1_170' title='bbox 2748 2239 3065 2304; x_wconf 88' lang='lat' dir='ltr'>bonorum</span> <span class='ocrx_word' id='word_1_171' title='bbox 3114 2239 3398 2303; x_wconf 90' lang='lat' dir='ltr'>uirorum</span> <span class='ocrx_word' id='word_1_172' title='bbox 3446 2239 3597 2303; x_wconf 91' lang='lat' dir='ltr'>dicti</span> 
     </span>
     <span class='ocr_line' id='line_1_17' title="bbox 714 2353 3600 2443; baseline 0 -24"><span class='ocrx_word' id='word_1_173' title='bbox 714 2354 1005 2419; x_wconf 89' lang='lat' dir='ltr'>comunis</span> <span class='ocrx_word' id='word_1_174' title='bbox 1055 2364 1118 2418; x_wconf 83' lang='lat' dir='ltr'>et</span> <span class='ocrx_word' id='word_1_175' title='bbox 1165 2353 1366 2417; x_wconf 88' lang='lat' dir='ltr'>offitio</span> <span class='ocrx_word' id='word_1_176' title='bbox 1401 2354 1717 2419; x_wconf 87' lang='lat' dir='ltr'>dictorum</span> <span class='ocrx_word' id='word_1_177' title='bbox 1765 2354 2355 2440; x_wconf 85' lang='lat' dir='ltr'>gonsaloneriorum</span> <span class='ocrx_word' id='word_1_178' title='bbox 2393 2354 2749 2420; x_wconf 86' lang='lat' dir='ltr'>deliberare</span> <span class='ocrx_word' id='word_1_179' title='bbox 2798 2365 2861 2420; x_wconf 87' lang='lat' dir='ltr'>et</span> <span class='ocrx_word' id='word_1_180' title='bbox 2909 2356 3266 2443; x_wconf 88' lang='lat' dir='ltr'>prouidere,</span> <span class='ocrx_word' id='word_1_181' title='bbox 3304 2397 3387 2405; x_wconf 94' lang='lat'>—</span> <span class='ocrx_word' id='word_1_182' title='bbox 3430 2356 3600 2442; x_wconf 92' lang='lat' dir='ltr'>quod</span> 
     </span>
     <span class='ocr_line' id='line_1_18' title="bbox 712 2471 3599 2558; baseline -0 -22"><span class='ocrx_word' id='word_1_183' title='bbox 712 2495 828 2558; x_wconf 89' lang='lat' dir='ltr'>per</span> <span class='ocrx_word' id='word_1_184' title='bbox 872 2495 988 2536; x_wconf 89' lang='lat' dir='ltr'>uos</span> <span class='ocrx_word' id='word_1_185' title='bbox 1038 2471 1333 2536; x_wconf 89' lang='lat' dir='ltr'>dominos</span> <span class='ocrx_word' id='word_1_186' title='bbox 1381 2472 1626 2557; x_wconf 86' lang='lat' dir='ltr'>priores</span> <span class='ocrx_word' id='word_1_187' title='bbox 1675 2471 1910 2536; x_wconf 91' lang='lat' dir='ltr'>artium</span> <span class='ocrx_word' id='word_1_188' title='bbox 1959 2481 2024 2534; x_wconf 88' lang='lat' dir='ltr'>et</span> <span class='ocrx_word' id='word_1_189' title='bbox 2071 2472 2506 2536; x_wconf 87' lang='lat' dir='ltr'>uexillifcrum</span> <span class='ocrx_word' id='word_1_190' title='bbox 2547 2472 2791 2537; x_wconf 88' lang='lat' dir='ltr'>iustitie</span> <span class='ocrx_word' id='word_1_191' title='bbox 2836 2482 2896 2536; x_wconf 88' lang='lat' dir='ltr'>et</span> <span class='ocrx_word' id='word_1_192' title='bbox 2931 2473 3105 2536; x_wconf 84' lang='lat' dir='ltr'>dicta</span> <span class='ocrx_word' id='word_1_193' title='bbox 3134 2472 3339 2537; x_wconf 87' lang='lat' dir='ltr'>offitia</span> <span class='ocrx_word' id='word_1_194' title='bbox 3368 2471 3507 2536; x_wconf 89' lang='lat' dir='ltr'>XII</span> <span class='ocrx_word' id='word_1_195' title='bbox 3539 2481 3599 2535; x_wconf 87' lang='lat' dir='ltr'>et</span> 
     </span>
     <span class='ocr_line' id='line_1_19' title="bbox 715 2588 3601 2675; baseline -0 -22"><span class='ocrx_word' id='word_1_196' title='bbox 715 2588 1302 2674; x_wconf 77' lang='lat' dir='ltr'>gonsaloneriorum</span> <span class='ocrx_word' id='word_1_197' title='bbox 1351 2588 1671 2674; x_wconf 79' lang='lat' dir='ltr'>eligantur</span> <span class='ocrx_word' id='word_1_198' title='bbox 1719 2597 1782 2650; x_wconf 88' lang='lat' dir='ltr'>et</span> <span class='ocrx_word' id='word_1_199' title='bbox 1828 2588 1978 2673; x_wconf 81' lang='lat' dir='ltr'>eligi</span> <span class='ocrx_word' id='word_1_200' title='bbox 2013 2589 2266 2675; x_wconf 83' lang='lat' dir='ltr'>possint</span> <span class='ocrx_word' id='word_1_201' title='bbox 2298 2599 2359 2652; x_wconf 88' lang='lat' dir='ltr'>et</span> <span class='ocrx_word' id='word_1_202' title='bbox 2392 2589 2671 2654; x_wconf 86' lang='lat' dir='ltr'>debeant</span> <span class='ocrx_word' id='word_1_203' title='bbox 2703 2599 3003 2674; x_wconf 86' lang='lat' dir='ltr'>quattuor</span> <span class='ocrx_word' id='word_1_204' title='bbox 3041 2590 3199 2655; x_wconf 90' lang='lat' dir='ltr'>boni</span> <span class='ocrx_word' id='word_1_205' title='bbox 3233 2590 3375 2673; x_wconf 87' lang='lat' dir='ltr'>uiri,</span> <span class='ocrx_word' id='word_1_206' title='bbox 3426 2591 3601 2653; x_wconf 87' lang='lat' dir='ltr'>ciues</span> 
     </span>
     <span class='ocr_line' id='line_1_20' title="bbox 715 2705 3601 2792; baseline -0.001 -21"><span class='ocrx_word' id='word_1_207' title='bbox 715 2707 1144 2788; x_wconf 82' lang='lat' dir='ltr'>honorabileS,</span> <span class='ocrx_word' id='word_1_208' title='bbox 1196 2705 1538 2792; x_wconf 86' lang='lat' dir='ltr'>populares</span> <span class='ocrx_word' id='word_1_209' title='bbox 1581 2705 1928 2788; x_wconf 72' lang='lat' dir='ltr'>Florentio,</span> <span class='ocrx_word' id='word_1_210' title='bbox 1977 2729 2095 2792; x_wconf 91' lang='lat' dir='ltr'>pro</span> <span class='ocrx_word' id='word_1_211' title='bbox 2130 2706 2506 2770; x_wconf 86' lang='lat' dir='ltr'>offitialibus</span> <span class='ocrx_word' id='word_1_212' title='bbox 2541 2705 2694 2770; x_wconf 90' lang='lat' dir='ltr'>dicti</span> <span class='ocrx_word' id='word_1_213' title='bbox 2733 2707 3025 2770; x_wconf 85' lang='lat' dir='ltr'>comunis</span> <span class='ocrx_word' id='word_1_214' title='bbox 3060 2730 3253 2792; x_wconf 86' lang='lat' dir='ltr'>super</span> <span class='ocrx_word' id='word_1_215' title='bbox 3282 2705 3601 2770; x_wconf 84' lang='lat' dir='ltr'>lastricari</span> 
     </span>
     <span class='ocr_line' id='line_1_21' title="bbox 715 2822 3605 2909; baseline -0.001 -21"><span class='ocrx_word' id='word_1_216' title='bbox 715 2834 778 2888; x_wconf 86' lang='lat' dir='ltr'>et</span> <span class='ocrx_word' id='word_1_217' title='bbox 827 2823 1112 2888; x_wconf 83' lang='lat' dir='ltr'>construi</span> <span class='ocrx_word' id='word_1_218' title='bbox 1159 2822 1454 2886; x_wconf 84' lang='lat' dir='ltr'>faciendo</span> <span class='ocrx_word' id='word_1_219' title='bbox 1505 2822 1583 2887; x_wconf 87' lang='lat' dir='ltr'>de</span> <span class='ocrx_word' id='word_1_220' title='bbox 1633 2822 1942 2887; x_wconf 86' lang='lat' dir='ltr'>lateribus</span> <span class='ocrx_word' id='word_1_221' title='bbox 1978 2845 2091 2886; x_wconf 86' lang='lat' dir='ltr'>seu</span> <span class='ocrx_word' id='word_1_222' title='bbox 2124 2825 2522 2888; x_wconf 87' lang='lat' dir='ltr'>mattonibus</span> <span class='ocrx_word' id='word_1_223' title='bbox 2571 2823 2851 2909; x_wconf 86' lang='lat' dir='ltr'>plateam</span> <span class='ocrx_word' id='word_1_224' title='bbox 2900 2823 3255 2909; x_wconf 80' lang='lat' dir='ltr'>predictam</span> <span class='ocrx_word' id='word_1_225' title='bbox 3302 2833 3366 2887; x_wconf 90' lang='lat' dir='ltr'>et</span> <span class='ocrx_word' id='word_1_226' title='bbox 3412 2845 3605 2908; x_wconf 87' lang='lat' dir='ltr'>super</span> 
     </span>
     <span class='ocr_line' id='line_1_22' title="bbox 717 2938 3602 3028; baseline -0.001 -23"><span class='ocrx_word' id='word_1_227' title='bbox 717 2942 932 3006; x_wconf 87' lang='lat' dir='ltr'>ornari</span> <span class='ocrx_word' id='word_1_228' title='bbox 984 2951 1048 3004; x_wconf 92' lang='lat' dir='ltr'>et</span> <span class='ocrx_word' id='word_1_229' title='bbox 1095 2939 1381 3005; x_wconf 87' lang='lat' dir='ltr'>construi</span> <span class='ocrx_word' id='word_1_230' title='bbox 1450 2939 1744 3004; x_wconf 88' lang='lat' dir='ltr'>faciendo</span> <span class='ocrx_word' id='word_1_231' title='bbox 1804 2938 2045 3003; x_wconf 88' lang='lat' dir='ltr'>dictam</span> <span class='ocrx_word' id='word_1_232' title='bbox 2114 2949 2370 3028; x_wconf 86' lang='lat' dir='ltr'>portam</span> <span class='ocrx_word' id='word_1_233' title='bbox 2438 2963 2666 3005; x_wconf 88' lang='lat' dir='ltr'>uersus</span> <span class='ocrx_word' id='word_1_234' title='bbox 2735 2941 2979 3004; x_wconf 88' lang='lat' dir='ltr'>dictum</span> <span class='ocrx_word' id='word_1_235' title='bbox 3048 2939 3357 3026; x_wconf 85' lang='lat' dir='ltr'>palatium</span> <span class='ocrx_word' id='word_1_236' title='bbox 3428 2962 3602 3003; x_wconf 88' lang='lat' dir='ltr'>more</span> 
     </span>
     <span class='ocr_line' id='line_1_23' title="bbox 720 3055 3602 3142; baseline -0 -22"><span class='ocrx_word' id='word_1_237' title='bbox 720 3057 1040 3121; x_wconf 86' lang='lat' dir='ltr'>dictorum</span> <span class='ocrx_word' id='word_1_238' title='bbox 1085 3055 1478 3140; x_wconf 83' lang='lat' dir='ltr'>offitialium3</span> <span class='ocrx_word' id='word_1_239' title='bbox 1554 3097 1636 3104; x_wconf 91' lang='lat'>—-</span> <span class='ocrx_word' id='word_1_240' title='bbox 1696 3066 1760 3120; x_wconf 88' lang='lat' dir='ltr'>et</span> <span class='ocrx_word' id='word_1_241' title='bbox 1816 3056 1989 3141; x_wconf 90' lang='lat' dir='ltr'>quod</span> <span class='ocrx_word' id='word_1_242' title='bbox 2045 3056 2159 3120; x_wconf 91' lang='lat' dir='ltr'>illa</span> <span class='ocrx_word' id='word_1_243' title='bbox 2220 3057 2545 3142; x_wconf 85' lang='lat' dir='ltr'>quantitas</span> <span class='ocrx_word' id='word_1_244' title='bbox 2594 3057 2981 3122; x_wconf 87' lang='lat' dir='ltr'>florenorum</span> <span class='ocrx_word' id='word_1_245' title='bbox 3037 3057 3176 3121; x_wconf 88' lang='lat' dir='ltr'>anri</span> <span class='ocrx_word' id='word_1_246' title='bbox 3224 3067 3287 3120; x_wconf 91' lang='lat' dir='ltr'>et</span> <span class='ocrx_word' id='word_1_247' title='bbox 3332 3057 3602 3142; x_wconf 86' lang='lat' dir='ltr'>pecunie</span> 
     </span>
     <span class='ocr_line' id='line_1_24' title="bbox 719 3172 3603 3260; baseline -0.001 -22"><span class='ocrx_word' id='word_1_248' title='bbox 719 3173 1348 3258; x_wconf 86' lang='lat' dir='ltr'>condempnationis,</span> <span class='ocrx_word' id='word_1_249' title='bbox 1423 3196 1547 3259; x_wconf 91' lang='lat' dir='ltr'>que</span> <span class='ocrx_word' id='word_1_250' title='bbox 1606 3174 1898 3259; x_wconf 88' lang='lat' dir='ltr'>quolibet</span> <span class='ocrx_word' id='word_1_251' title='bbox 1952 3196 2123 3237; x_wconf 85' lang='lat' dir='ltr'>anno</span> <span class='ocrx_word' id='word_1_252' title='bbox 2180 3175 2345 3237; x_wconf 89' lang='lat' dir='ltr'>fiunt</span> <span class='ocrx_word' id='word_1_253' title='bbox 2415 3197 2527 3238; x_wconf 85' lang='lat' dir='ltr'>seu</span> <span class='ocrx_word' id='word_1_254' title='bbox 2582 3175 2741 3238; x_wconf 91' lang='lat' dir='ltr'>fient</span> <span class='ocrx_word' id='word_1_255' title='bbox 2786 3174 2890 3260; x_wconf 67' lang='lat' dir='ltr'>pel</span> <span class='ocrx_word' id='word_1_256' title='bbox 2939 3173 3281 3256; x_wconf 72' lang='lat' dir='ltr'>exigentur</span> <span class='ocrx_word' id='word_1_257' title='bbox 3328 3197 3367 3236; x_wconf 88' lang='lat' dir='ltr'>a</span> <span class='ocrx_word' id='word_1_258' title='bbox 3413 3183 3477 3236; x_wconf 90' lang='lat' dir='ltr'>et</span> <span class='ocrx_word' id='word_1_259' title='bbox 3525 3172 3603 3236; x_wconf 90' lang='lat' dir='ltr'>de</span> 
     </span>
     <span class='ocr_line' id='line_1_25' title="bbox 717 3287 3600 3376; baseline -0.001 -21"><span class='ocrx_word' id='word_1_260' title='bbox 717 3287 1249 3372; x_wconf 89' lang='lat' dir='ltr'>feneratoribus¹)</span> <span class='ocrx_word' id='word_1_261' title='bbox 1297 3313 1413 3354; x_wconf 90' lang='lat' dir='ltr'>seu</span> <span class='ocrx_word' id='word_1_262' title='bbox 1459 3292 1904 3376; x_wconf 86' lang='lat' dir='ltr'>mutuantibus</span> <span class='ocrx_word' id='word_1_263' title='bbox 1953 3290 2037 3354; x_wconf 87' lang='lat' dir='ltr'>ad</span> <span class='ocrx_word' id='word_1_264' title='bbox 2083 3291 2317 3376; x_wconf 85' lang='lat' dir='ltr'>pignus</span> <span class='ocrx_word' id='word_1_265' title='bbox 2366 3291 2433 3355; x_wconf 91' lang='lat' dir='ltr'>in</span> <span class='ocrx_word' id='word_1_266' title='bbox 2484 3291 2744 3355; x_wconf 87' lang='lat' dir='ltr'>ciuitate</span> <span class='ocrx_word' id='word_1_267' title='bbox 2791 3301 2855 3354; x_wconf 89' lang='lat' dir='ltr'>et</span> <span class='ocrx_word' id='word_1_268' title='bbox 2902 3291 3207 3355; x_wconf 87' lang='lat' dir='ltr'>comitatu</span> <span class='ocrx_word' id='word_1_269' title='bbox 3253 3290 3305 3354; x_wconf 91' lang='lat' dir='ltr'><strong>F</strong></span> <span class='ocrx_word' id='word_1_270' title='bbox 3310 3290 3600 3373; x_wconf 88' lang='lat' dir='ltr'>lorentie,</span> 
     </span>
     <span class='ocr_line' id='line_1_26' title="bbox 720 3406 3603 3494; baseline -0.001 -22"><span class='ocrx_word' id='word_1_271' title='bbox 720 3408 1059 3494; x_wconf 88' lang='lat' dir='ltr'>deputetur</span> <span class='ocrx_word' id='word_1_272' title='bbox 1119 3418 1183 3470; x_wconf 88' lang='lat' dir='ltr'>et</span> <span class='ocrx_word' id='word_1_273' title='bbox 1239 3408 1606 3492; x_wconf 78' lang='lat' dir='ltr'>assignetur</span> <span class='ocrx_word' id='word_1_274' title='bbox 1675 3418 1738 3472; x_wconf 88' lang='lat' dir='ltr'>et</span> <span class='ocrx_word' id='word_1_275' title='bbox 1797 3409 2102 3494; x_wconf 82' lang='lat' dir='ltr'>deputata</span> <span class='ocrx_word' id='word_1_276' title='bbox 2157 3417 2220 3470; x_wconf 88' lang='lat' dir='ltr'>et</span> <span class='ocrx_word' id='word_1_277' title='bbox 2266 3408 2599 3492; x_wconf 81' lang='lat' dir='ltr'>assignata</span> <span class='ocrx_word' id='word_1_278' title='bbox 2645 3407 3040 3492; x_wconf 83' lang='lat' dir='ltr'>intelligatur</span> <span class='ocrx_word' id='word_1_279' title='bbox 3086 3417 3150 3471; x_wconf 89' lang='lat' dir='ltr'>et</span> <span class='ocrx_word' id='word_1_280' title='bbox 3196 3407 3281 3470; x_wconf 81' lang='lat' dir='ltr'>sit</span> <span class='ocrx_word' id='word_1_281' title='bbox 3326 3406 3409 3470; x_wconf 88' lang='lat' dir='ltr'>ad</span> <span class='ocrx_word' id='word_1_282' title='bbox 3457 3429 3603 3470; x_wconf 84' lang='lat' dir='ltr'>con-</span> 
     </span>
     <span class='ocr_line' id='line_1_27' title="bbox 719 3523 3605 3610; baseline -0.001 -21"><span class='ocrx_word' id='word_1_283' title='bbox 719 3525 1138 3589; x_wconf 87' lang='lat' dir='ltr'>structionem</span> <span class='ocrx_word' id='word_1_284' title='bbox 1170 3523 1325 3588; x_wconf 83' lang='lat' dir='ltr'>dic-ti</span> <span class='ocrx_word' id='word_1_285' title='bbox 1376 3523 1663 3589; x_wconf 88' lang='lat' dir='ltr'>lastrichi</span> <span class='ocrx_word' id='word_1_286' title='bbox 1697 3523 1907 3610; x_wconf 88' lang='lat' dir='ltr'>platee</span> <span class='ocrx_word' id='word_1_287' title='bbox 1941 3525 2227 3610; x_wconf 83' lang='lat' dir='ltr'>predicte</span> <span class='ocrx_word' id='word_1_288' title='bbox 2260 3534 2325 3588; x_wconf 89' lang='lat' dir='ltr'>et</span> <span class='ocrx_word' id='word_1_289' title='bbox 2355 3523 2433 3588; x_wconf 87' lang='lat' dir='ltr'>ad</span> <span class='ocrx_word' id='word_1_290' title='bbox 2483 3534 2933 3588; x_wconf 87' lang='lat' dir='ltr'>ornamentum</span> <span class='ocrx_word' id='word_1_291' title='bbox 2967 3533 3030 3587; x_wconf 90' lang='lat' dir='ltr'>et</span> <span class='ocrx_word' id='word_1_292' title='bbox 3062 3523 3605 3588; x_wconf 84' lang='lat' dir='ltr'>constructionem</span> 
     </span>
     <span class='ocr_line' id='line_1_28' title="bbox 721 3639 3607 3728; baseline -0.001 -22"><span class='ocrx_word' id='word_1_293' title='bbox 721 3642 889 3706; x_wconf 87' lang='lat' dir='ltr'>dicte</span> <span class='ocrx_word' id='word_1_294' title='bbox 958 3651 1160 3726; x_wconf 87' lang='lat' dir='ltr'>porte.</span> <span class='ocrx_word' id='word_1_295' title='bbox 1221 3681 1302 3690; x_wconf 88' lang='lat'>-—</span> <span class='ocrx_word' id='word_1_296' title='bbox 1367 3641 1455 3705; x_wconf 90' lang='lat' dir='ltr'>Et</span> <span class='ocrx_word' id='word_1_297' title='bbox 1525 3664 1716 3727; x_wconf 89' lang='lat' dir='ltr'>super</span> <span class='ocrx_word' id='word_1_298' title='bbox 1785 3641 1926 3727; x_wconf 82' lang='lat' dir='ltr'>ipsa</span> <span class='ocrx_word' id='word_1_299' title='bbox 1993 3641 2303 3728; x_wconf 84' lang='lat' dir='ltr'>petitione</span> <span class='ocrx_word' id='word_1_300' title='bbox 2360 3682 2445 3690; x_wconf 90' lang='lat'>——</span> <span class='ocrx_word' id='word_1_301' title='bbox 2501 3640 2939 3728; x_wconf 87' lang='lat' dir='ltr'>prouiderunt,</span> <span class='ocrx_word' id='word_1_302' title='bbox 3013 3639 3475 3704; x_wconf 85' lang='lat' dir='ltr'>ordinauerunt</span> <span class='ocrx_word' id='word_1_303' title='bbox 3543 3649 3607 3704; x_wconf 93' lang='lat' dir='ltr'>et</span> 
     </span>
     <span class='ocr_line' id='line_1_29' title="bbox 719 3757 3601 3844; baseline -0 -23"><span class='ocrx_word' id='word_1_304' title='bbox 719 3759 1220 3840; x_wconf 85' lang='lat' dir='ltr'>stantiauerunt,</span> <span class='ocrx_word' id='word_1_305' title='bbox 1293 3757 1466 3842; x_wconf 89' lang='lat' dir='ltr'>quod</span> <span class='ocrx_word' id='word_1_306' title='bbox 1535 3757 1826 3844; x_wconf 84' lang='lat' dir='ltr'>predicta</span> <span class='ocrx_word' id='word_1_307' title='bbox 1894 3759 2119 3843; x_wconf 85' lang='lat' dir='ltr'>petitio</span> <span class='ocrx_word' id='word_1_308' title='bbox 2188 3768 2248 3822; x_wconf 85' lang='lat' dir='ltr'>et</span> <span class='ocrx_word' id='word_1_309' title='bbox 2320 3758 2539 3823; x_wconf 91' lang='lat' dir='ltr'>omnia</span> <span class='ocrx_word' id='word_1_310' title='bbox 2584 3767 2649 3823; x_wconf 89' lang='lat' dir='ltr'>et</span> <span class='ocrx_word' id='word_1_311' title='bbox 2696 3758 2969 3843; x_wconf 85' lang='lat' dir='ltr'>singula,</span> <span class='ocrx_word' id='word_1_312' title='bbox 3032 3758 3100 3822; x_wconf 89' lang='lat' dir='ltr'>in</span> <span class='ocrx_word' id='word_1_313' title='bbox 3158 3781 3234 3822; x_wconf 88' lang='lat' dir='ltr'>ea</span> <span class='ocrx_word' id='word_1_314' title='bbox 3281 3767 3601 3840; x_wconf 86' lang='lat' dir='ltr'>contenta,</span> 
     </span>
     <span class='ocr_line' id='line_1_30' title="bbox 719 3874 1683 3962; baseline 0.002 -24"><span class='ocrx_word' id='word_1_315' title='bbox 719 3874 1069 3962; x_wconf 86' lang='lat' dir='ltr'>procedant</span> <span class='ocrx_word' id='word_1_316' title='bbox 1115 3884 1179 3938; x_wconf 88' lang='lat' dir='ltr'>et</span> <span class='ocrx_word' id='word_1_317' title='bbox 1226 3914 1309 3922; x_wconf 94' lang='lat'>—</span> <span class='ocrx_word' id='word_1_318' title='bbox 1356 3875 1516 3938; x_wconf 89' lang='lat' dir='ltr'>fiant</span> <span class='ocrx_word' id='word_1_319' title='bbox 1563 3884 1683 3940; x_wconf 90' lang='lat' dir='ltr'>cet.</span> 
     </span>
    </p>
   </div>
   <div class='ocr_carea' id='block_1_3' title="bbox 722 4043 3609 5084">
    <p class='ocr_par' dir='ltr' id='par_1_3' title="bbox 723 4043 3607 4251">
     <span class='ocr_line' id='line_1_31' title="bbox 945 4043 3607 4130; baseline 0 -20"><span class='ocrx_word' id='word_1_320' title='bbox 945 4043 1100 4111; x_wconf 77' lang='lat'><strong>107.</strong></span> <span class='ocrx_word' id='word_1_321' title='bbox 1173 4047 1363 4109; x_wconf 73' lang='lat' dir='ltr'>Anno</span> <span class='ocrx_word' id='word_1_322' title='bbox 1415 4051 1619 4126; x_wconf 81' lang='lat'><em>1351,</em></span> <span class='ocrx_word' id='word_1_323' title='bbox 1691 4048 2036 4111; x_wconf 75' lang='lat' dir='ltr'>indict-ione</span> <span class='ocrx_word' id='word_1_324' title='bbox 2084 4054 2151 4128; x_wconf 75' lang='lat'>4,</span> <span class='ocrx_word' id='word_1_325' title='bbox 2212 4049 2314 4111; x_wconf 79' lang='lat' dir='ltr'>die</span> <span class='ocrx_word' id='word_1_326' title='bbox 2361 4055 2443 4110; x_wconf 84' lang='lat'>10</span> <span class='ocrx_word' id='word_1_327' title='bbox 2494 4050 2720 4112; x_wconf 67' lang='lat' dir='ltr'>mensis</span> <span class='ocrx_word' id='word_1_328' title='bbox 2766 4047 2959 4110; x_wconf 73' lang='lat' dir='ltr'><em>Junii</em></span> <span class='ocrx_word' id='word_1_329' title='bbox 2999 4043 3278 4130; x_wconf 83' lang='lat' dir='ltr'>(ProviS.</span> <span class='ocrx_word' id='word_1_330' title='bbox 3327 4046 3474 4110; x_wconf 86' lang='lat' dir='ltr'>filza</span> <span class='ocrx_word' id='word_1_331' title='bbox 3520 4046 3607 4110; x_wconf 78' lang='lat'>40</span> 
     </span>
     <span class='ocr_line' id='line_1_32' title="bbox 723 4157 1682 4251; baseline -0.003 -22"><span class='ocrx_word' id='word_1_332' title='bbox 723 4188 784 4251; x_wconf 93' lang='lat' dir='ltr'>p.</span> <span class='ocrx_word' id='word_1_333' title='bbox 819 4162 1027 4228; x_wconf 71' lang='lat'>⁴2:291).</span> <span class='ocrx_word' id='word_1_334' title='bbox 1080 4159 1264 4247; x_wconf 81' lang='lat' dir='ltr'>Gaye</span> <span class='ocrx_word' id='word_1_335' title='bbox 1312 4160 1345 4223; x_wconf 89' lang='lat' dir='ltr'>I</span> <span class='ocrx_word' id='word_1_336' title='bbox 1392 4183 1453 4246; x_wconf 93' lang='lat' dir='ltr'>p.</span> <span class='ocrx_word' id='word_1_337' title='bbox 1505 4157 1682 4244; x_wconf 80' lang='lat'><strong>502).</strong></span> 
     </span>
    </p>

    <p class='ocr_par' dir='ltr' id='par_1_4' title="bbox 722 4295 3609 5084">
     <span class='ocr_line' id='line_1_33' title="bbox 943 4295 3606 4384; baseline -0 -23"><span class='ocrx_word' id='word_1_338' title='bbox 943 4296 1110 4361; x_wconf 90' lang='lat' dir='ltr'>Item</span> <span class='ocrx_word' id='word_1_339' title='bbox 1165 4332 1248 4340; x_wconf 95' lang='lat'>—</span> <span class='ocrx_word' id='word_1_340' title='bbox 1307 4295 1790 4360; x_wconf 84' lang='lat' dir='ltr'>considerantes</span> <span class='ocrx_word' id='word_1_341' title='bbox 1847 4295 2003 4372; x_wconf 82' lang='lat' dir='ltr'>dicti</span> <span class='ocrx_word' id='word_1_342' title='bbox 2053 4297 2297 4362; x_wconf 89' lang='lat' dir='ltr'>domini</span> <span class='ocrx_word' id='word_1_343' title='bbox 2358 4298 2605 4384; x_wconf 89' lang='lat' dir='ltr'>priores</span> <span class='ocrx_word' id='word_1_344' title='bbox 2654 4307 2718 4362; x_wconf 90' lang='lat' dir='ltr'>et</span> <span class='ocrx_word' id='word_1_345' title='bbox 2766 4296 3084 4361; x_wconf 84' lang='lat' dir='ltr'>uexillifer</span> <span class='ocrx_word' id='word_1_346' title='bbox 3130 4295 3606 4382; x_wconf 85' lang='lat' dir='ltr'>infrascriptam</span> 
     </span>
     <span class='ocr_line' id='line_1_34' title="bbox 723 4413 3609 4502; baseline 0 -25"><span class='ocrx_word' id='word_1_347' title='bbox 723 4414 1119 4502; x_wconf 85' lang='lat' dir='ltr'>petitionem,</span> <span class='ocrx_word' id='word_1_348' title='bbox 1171 4453 1262 4462; x_wconf 90' lang='lat'>—-</span> <span class='ocrx_word' id='word_1_349' title='bbox 1311 4435 1436 4498; x_wconf 91' lang='lat' dir='ltr'>que</span> <span class='ocrx_word' id='word_1_350' title='bbox 1483 4413 1632 4477; x_wconf 83' lang='lat' dir='ltr'>talis</span> <span class='ocrx_word' id='word_1_351' title='bbox 1681 4423 1779 4478; x_wconf 89' lang='lat' dir='ltr'>est</span> <span class='ocrx_word' id='word_1_352' title='bbox 1837 4414 2171 4479; x_wconf 88' lang='lat' dir='ltr'>uidelicet:</span> <span class='ocrx_word' id='word_1_353' title='bbox 2244 4414 2449 4478; x_wconf 81' lang='lat' dir='ltr'>Vobis</span> <span class='ocrx_word' id='word_1_354' title='bbox 2508 4414 2788 4478; x_wconf 85' lang='lat' dir='ltr'>dominis</span> <span class='ocrx_word' id='word_1_355' title='bbox 2846 4413 3169 4499; x_wconf 86' lang='lat' dir='ltr'>prioribus</span> <span class='ocrx_word' id='word_1_356' title='bbox 3240 4414 3475 4477; x_wconf 87' lang='lat' dir='ltr'>artium</span> <span class='ocrx_word' id='word_1_357' title='bbox 3544 4423 3609 4478; x_wconf 89' lang='lat' dir='ltr'>et</span> 
     </span>
     <span class='ocr_line' id='line_1_35' title="bbox 723 4529 3607 4617; baseline -0.001 -21"><span class='ocrx_word' id='word_1_358' title='bbox 723 4531 1085 4596; x_wconf 82' lang='lat' dir='ltr'>uexillifero</span> <span class='ocrx_word' id='word_1_359' title='bbox 1129 4530 1375 4594; x_wconf 86' lang='lat' dir='ltr'>iustitie</span> <span class='ocrx_word' id='word_1_360' title='bbox 1419 4540 1787 4595; x_wconf 89' lang='lat' dir='ltr'>reuerenter</span> <span class='ocrx_word' id='word_1_361' title='bbox 1830 4532 2175 4616; x_wconf 81' lang='lat' dir='ltr'>exponitur</span> <span class='ocrx_word' id='word_1_362' title='bbox 2216 4555 2331 4616; x_wconf 90' lang='lat' dir='ltr'>pro</span> <span class='ocrx_word' id='word_1_363' title='bbox 2376 4541 2557 4617; x_wconf 90' lang='lat' dir='ltr'>parte</span> <span class='ocrx_word' id='word_1_364' title='bbox 2599 4531 2866 4595; x_wconf 88' lang='lat' dir='ltr'>rectoris</span> <span class='ocrx_word' id='word_1_365' title='bbox 2905 4530 3177 4594; x_wconf 89' lang='lat' dir='ltr'>ecclesie</span> <span class='ocrx_word' id='word_1_366' title='bbox 3230 4531 3437 4595; x_wconf 85' lang='lat' dir='ltr'>sancti</span> <span class='ocrx_word' id='word_1_367' title='bbox 3479 4529 3607 4594; x_wconf 85' lang='lat' dir='ltr'>Ro-</span> 
     </span>
     <span class='ocr_line' id='line_1_36' title="bbox 722 4643 3608 4734; baseline 0 -22"><span class='ocrx_word' id='word_1_368' title='bbox 722 4649 898 4732; x_wconf 88' lang='lat' dir='ltr'>muli,</span> <span class='ocrx_word' id='word_1_369' title='bbox 950 4646 1120 4733; x_wconf 86' lang='lat' dir='ltr'>quod</span> <span class='ocrx_word' id='word_1_370' title='bbox 1170 4643 1391 4728; x_wconf 78' lang='lat' dir='ltr'>alias⁹&gt;</span> <span class='ocrx_word' id='word_1_371' title='bbox 1459 4670 1574 4732; x_wconf 89' lang='lat' dir='ltr'>per</span> <span class='ocrx_word' id='word_1_372' title='bbox 1643 4647 2167 4712; x_wconf 84' lang='lat' dir='ltr'>reformationem</span> <span class='ocrx_word' id='word_1_373' title='bbox 2237 4648 2531 4712; x_wconf 86' lang='lat' dir='ltr'>comunis</span> <span class='ocrx_word' id='word_1_374' title='bbox 2579 4646 2905 4712; x_wconf 85' lang='lat' dir='ltr'>Florentie</span> <span class='ocrx_word' id='word_1_375' title='bbox 2976 4647 3098 4711; x_wconf 88' lang='lat' dir='ltr'>fuit</span> <span class='ocrx_word' id='word_1_376' title='bbox 3154 4649 3485 4734; x_wconf 91' lang='lat' dir='ltr'>prouisum</span> <span class='ocrx_word' id='word_1_377' title='bbox 3544 4658 3608 4712; x_wconf 94' lang='lat' dir='ltr'>et</span> 
     </span>
     <span class='ocr_line' id='line_1_37' title="bbox 724 4763 3606 4850; baseline 0 -21"><span class='ocrx_word' id='word_1_378' title='bbox 724 4764 1140 4829; x_wconf 89' lang='lat' dir='ltr'>commissum</span> <span class='ocrx_word' id='word_1_379' title='bbox 1188 4764 1544 4848; x_wconf 88' lang='lat' dir='ltr'>capitaneis</span> <span class='ocrx_word' id='word_1_380' title='bbox 1589 4765 1906 4829; x_wconf 85' lang='lat' dir='ltr'>sotietatis</span> <span class='ocrx_word' id='word_1_381' title='bbox 1940 4766 2213 4850; x_wconf 81' lang='lat' dir='ltr'>uirginis</span> <span class='ocrx_word' id='word_1_382' title='bbox 2245 4764 2453 4830; x_wconf 87' lang='lat' dir='ltr'>Marie</span> <span class='ocrx_word' id='word_1_383' title='bbox 2488 4763 2635 4830; x_wconf 84' lang='lat' dir='ltr'>Orti</span> <span class='ocrx_word' id='word_1_384' title='bbox 2668 4764 2875 4829; x_wconf 88' lang='lat' dir='ltr'>sancti</span> <span class='ocrx_word' id='word_1_385' title='bbox 2905 4763 3247 4830; x_wconf 87' lang='lat' dir='ltr'>Michaelis</span> <span class='ocrx_word' id='word_1_386' title='bbox 3280 4775 3344 4830; x_wconf 88' lang='lat' dir='ltr'>et</span> <span class='ocrx_word' id='word_1_387' title='bbox 3374 4767 3606 4831; x_wconf 84' lang='lat' dir='ltr'>rectori</span> 
     </span>
     <span class='ocr_line' id='line_1_38' title="bbox 723 4878 3609 4969; baseline 0 -23"><span class='ocrx_word' id='word_1_388' title='bbox 723 4881 994 4947; x_wconf 85' lang='lat' dir='ltr'>ecclesie</span> <span class='ocrx_word' id='word_1_389' title='bbox 1042 4880 1246 4945; x_wconf 84' lang='lat' dir='ltr'>sancti</span> <span class='ocrx_word' id='word_1_390' title='bbox 1297 4878 1557 4946; x_wconf 87' lang='lat' dir='ltr'>Romuli</span> <span class='ocrx_word' id='word_1_391' title='bbox 1605 4881 1907 4967; x_wconf 89' lang='lat' dir='ltr'>predicti,</span> <span class='ocrx_word' id='word_1_392' title='bbox 1982 4881 2157 4966; x_wconf 89' lang='lat' dir='ltr'>quod</span> <span class='ocrx_word' id='word_1_393' title='bbox 2214 4882 2463 4967; x_wconf 84' lang='lat' dir='ltr'>prefata</span> <span class='ocrx_word' id='word_1_394' title='bbox 2510 4882 2785 4946; x_wconf 88' lang='lat' dir='ltr'>ecclesia</span> <span class='ocrx_word' id='word_1_395' title='bbox 2840 4883 3049 4946; x_wconf 87' lang='lat' dir='ltr'>sancti</span> <span class='ocrx_word' id='word_1_396' title='bbox 3096 4882 3357 4947; x_wconf 89' lang='lat' dir='ltr'>Romuli</span> <span class='ocrx_word' id='word_1_397' title='bbox 3404 4884 3609 4969; x_wconf 86' lang='lat' dir='ltr'>possit</span> 
     </span>
     <span class='ocr_line' id='line_1_39' title="bbox 723 4996 3607 5084; baseline 0.001 -22"><span class='ocrx_word' id='word_1_398' title='bbox 723 4998 1057 5062; x_wconf 84' lang='lat' dir='ltr'>transferri</span> <span class='ocrx_word' id='word_1_399' title='bbox 1107 5006 1170 5062; x_wconf 91' lang='lat' dir='ltr'>et</span> <span class='ocrx_word' id='word_1_400' title='bbox 1217 4996 1444 5061; x_wconf 82' lang='lat' dir='ltr'>situari</span> <span class='ocrx_word' id='word_1_401' title='bbox 1493 5011 1557 5061; x_wconf 88' lang='lat' dir='ltr'>ct</span> <span class='ocrx_word' id='word_1_402' title='bbox 1602 4999 1752 5084; x_wconf 88' lang='lat' dir='ltr'>poni</span> <span class='ocrx_word' id='word_1_403' title='bbox 1801 5022 1916 5084; x_wconf 89' lang='lat' dir='ltr'>per</span> <span class='ocrx_word' id='word_1_404' title='bbox 1957 5022 2067 5063; x_wconf 88' lang='lat' dir='ltr'>eos</span> <span class='ocrx_word' id='word_1_405' title='bbox 2117 4999 2195 5062; x_wconf 92' lang='lat' dir='ltr'>de</span> <span class='ocrx_word' id='word_1_406' title='bbox 2242 4998 2403 5082; x_wconf 89' lang='lat' dir='ltr'>loc0,</span> <span class='ocrx_word' id='word_1_407' title='bbox 2456 4999 2564 5064; x_wconf 90' lang='lat' dir='ltr'>ubi</span> <span class='ocrx_word' id='word_1_408' title='bbox 2614 4998 2697 5062; x_wconf 90' lang='lat' dir='ltr'>ad</span> <span class='ocrx_word' id='word_1_409' title='bbox 2744 5021 3011 5084; x_wconf 89' lang='lat' dir='ltr'>presens</span> <span class='ocrx_word' id='word_1_410' title='bbox 3062 5000 3301 5064; x_wconf 87' lang='lat' dir='ltr'>situata</span> <span class='ocrx_word' id='word_1_411' title='bbox 3347 5009 3464 5084; x_wconf 89' lang='lat' dir='ltr'>est,</span> <span class='ocrx_word' id='word_1_412' title='bbox 3515 5001 3607 5065; x_wconf 87' lang='lat' dir='ltr'>ibi</span> 
     </span>
    </p>
   </div>
   <div class='ocr_carea' id='block_1_4' title="bbox 833 5120 1148 5126">
    <p class='ocr_par' dir='ltr' id='par_1_5' title="bbox 833 5120 1148 5126">
     <span class='ocr_line' id='line_1_40' title="bbox 833 5120 1148 5126; baseline 0 0"><span class='ocrx_word' id='word_1_413' title='bbox 833 5120 1148 5126; x_wconf 95' lang='lat' dir='ltr'> </span> 
     </span>
    </p>
   </div>
   <div class='ocr_carea' id='block_1_5' title="bbox 903 5180 2965 5340">
    <p class='ocr_par' dir='ltr' id='par_1_6' title="bbox 903 5180 2965 5340">
     <span class='ocr_line' id='line_1_41' title="bbox 908 5180 2965 5254; baseline 0.001 -20"><span class='ocrx_word' id='word_1_414' title='bbox 908 5183 948 5250; x_wconf 91' lang='lat'>¹)</span> <span class='ocrx_word' id='word_1_415' title='bbox 987 5180 1155 5234; x_wconf 88' lang='lat' dir='ltr'>Diesc</span> <span class='ocrx_word' id='word_1_416' title='bbox 1196 5180 1556 5252; x_wconf 68' lang='lat' dir='ltr'>Ponalgelder</span> <span class='ocrx_word' id='word_1_417' title='bbox 1593 5187 1807 5235; x_wconf 78' lang='lat' dir='ltr'>miissen</span> <span class='ocrx_word' id='word_1_418' title='bbox 1848 5181 1986 5236; x_wconf 87' lang='lat' dir='ltr'>doch</span> <span class='ocrx_word' id='word_1_419' title='bbox 2027 5201 2161 5254; x_wconf 79' lang='lat' dir='ltr'>ganz</span> <span class='ocrx_word' id='word_1_420' title='bbox 2200 5181 2510 5236; x_wconf 85' lang='lat' dir='ltr'>bedcutcnd</span> <span class='ocrx_word' id='word_1_421' title='bbox 2548 5200 2791 5253; x_wconf 78' lang='lat' dir='ltr'>gewesen</span> <span class='ocrx_word' id='word_1_422' title='bbox 2832 5182 2965 5237; x_wconf 80' lang='lat' dir='ltr'>sein.</span> 
     </span>
     <span class='ocr_line' id='line_1_42' title="bbox 903 5269 1832 5340; baseline 0.003 -17"><span class='ocrx_word' id='word_1_423' title='bbox 903 5271 944 5340; x_wconf 78' lang='lat'>²)</span> <span class='ocrx_word' id='word_1_424' title='bbox 986 5269 1092 5325; x_wconf 84' lang='lat' dir='ltr'>Csr.</span> <span class='ocrx_word' id='word_1_425' title='bbox 1119 5270 1432 5324; x_wconf 87' lang='lat' dir='ltr'>Dokument</span> <span class='ocrx_word' id='word_1_426' title='bbox 1468 5270 1568 5324; x_wconf 83' lang='lat' dir='ltr'>VII</span> <span class='ocrx_word' id='word_1_427' title='bbox 1605 5289 1682 5326; x_wconf 87' lang='lat' dir='ltr'>nr.</span> <span class='ocrx_word' id='word_1_428' title='bbox 1715 5273 1832 5326; x_wconf 70' lang='lat'>101.</span> 
     </span>
    </p>
   </div>
  </div>
 </body>
</html>
