4009 5859
1914 397 2042 460 145

532 569 684 634 dum
741 569 914 635 illius
976 571 1247 656 pecunie
1297 572 1721 656 quantitatem
1768 595 1883 658 pro
1932 573 2223 658 qualibet
2269 572 2486 656 domo,
2550 574 2716 638 sicut
2759 575 3078 640 bonorum
3123 576 3408 640 uirorum

529 685 897 770 prouisione
947 695 1011 749 et
1057 687 1343 770 arbitrio,
1400 709 1515 772 per
1560 687 1835 752 offitium
1883 687 2291 752 dominorum
2337 689 2624 773 priorum
2671 689 2905 754 artium
2954 699 3017 753 et
3065 689 3409 754 uexilliferi

530 800 771 865 iustitie
834 801 1302 887 eligendorum,
1363 801 1781 886 declaratum,
1842 803 2172 888 prouisum
2223 813 2285 866 et
2333 804 2713 868 arbitratum
2758 804 2967 887 fuerit,
3027 804 3198 889 quod
3245 805 3406 868 tales

533 915 759 982 domus
817 940 898 981 ex
956 939 1150 982 causa
1202 919 1492 1006 predicta
1538 919 1902 984 efficiantur
1948 919 2210 983 maioris
2257 919 2448 1004 pretii
2496 928 2560 984 et
2605 920 2865 985 ualoriS.
2958 917 3100 999 Que
3149 920 3409 1007 quidem

536 1032 755 1096 omnia
801 1055 947 1097 cum
996 1034 1169 1098 omni
1223 1034 1656 1099 sollicitudine
1703 1045 2145 1120 procurentur,
2195 1036 2355 1099 fiant
2386 1045 2451 1098 et
2482 1037 2848 1100 executioni
2879 1034 3265 1099 mandentur
3298 1057 3410 1121 per

536 1147 854 1232 offitiale8‚
907 1148 1241 1234 deputatos
1291 1173 1405 1214 seu
1452 1150 1853 1236 deputandos
1902 1150 1984 1214 ad
2033 1150 2566 1215 reinueniendum
2613 1151 2754 1214 iura
2794 1160 2859 1213 et
2887 1151 3062 1214 bona
3093 1151 3405 1234 comuniS‚

532 1262 612 1327 ad
683 1285 955 1348 quorum
1035 1264 1307 1329 offitium
1388 1266 1709 1352 pertinere
1780 1273 1843 1330 et
1913 1274 2204 1351 spectare
2281 1265 2539 1330 uidetur
2615 1266 2925 1330 mictendi
2997 1275 3060 1330 et
3129 1265 3408 1330 faciendi

530 1379 777 1464 plateas
832 1390 898 1444 et
952 1381 1092 1444 uias
1153 1389 1217 1444 et
1276 1382 1559 1446 maxime
1614 1403 1807 1468 super
1851 1382 2127 1445 terrenis
2176 1391 2240 1444 et
2286 1381 2594 1465 ediffitiis‚
2657 1381 3128 1466 pertinentibus
3178 1381 3260 1445 ad
3308 1403 3408 1444 co-

531 1517 723 1558 mune
778 1496 1165 1582 predictum,
1223 1497 1327 1560 uel
1385 1519 1501 1584 per
1552 1496 1713 1561 alios
1762 1498 1969 1561 bonos
2016 1497 2211 1580 uiros,
2275 1519 2435 1582 quos
2485 1507 2548 1560 et
2594 1505 2752 1582 quot
2798 1496 3072 1561 offitium
3120 1495 3406 1561 domino·

531 1633 675 1675 rum
742 1612 1028 1695 priorum
1099 1613 1333 1677 artium
1402 1623 1466 1676 et
1534 1612 1880 1677 uexilliferi
1950 1613 2196 1676 iustitie
2245 1612 2326 1676 ad
2372 1611 2664 1697 predicta
2709 1611 2944 1696 eligere
2993 1621 3058 1676 et
3104 1611 3408 1697 deputare

533 1725 872 1791 uoluerint.
964 1727 1130 1791 Item
1170 1728 1586 1814 prouideatur
1645 1738 1710 1793 et
1768 1730 2078 1813 firmetur,
2150 1728 2321 1814 quod
2370 1728 2666 1814 sepulcra
2723 1749 2836 1792 seu
2891 1727 3103 1811 auelli,
3176 1749 3298 1812 que
3347 1737 3410 1791 et

534 1841 644 1926 qui
708 1852 858 1907 sunt
914 1844 1153 1908 circum
1211 1844 1384 1908 circa
1438 1843 1780 1908 ecclesiam
1836 1844 2046 1909 sancti
2092 1843 2413 1908 Johannis
2473 1843 2805 1907 eleuentur
2849 1852 2914 1907 et
2959 1853 3411 1907 remoueantur

534 1955 611 2020 de
660 1957 819 2044 ipsis
867 1958 1025 2023 locis
1075 1969 1139 2024 et
1186 1960 1343 2024 alibi
1392 1971 1730 2046 ponantur,
1782 1960 1893 2024 ubi
1939 1959 2171 2024 melius
2216 1958 2541 2024 uidebitur
2588 1959 2934 2023 conuenire
2969 1967 3088 2022 cet.

753 2069 961 2159 Super
1015 2076 1308 2160 predicta
1360 2076 1669 2162 petitione
1726 2075 1793 2138 in
1849 2075 1971 2138 hoc
2027 2075 2314 2161 presenti
2361 2074 2633 2139 consilio
2683 2083 2942 2139 centum
2987 2074 3268 2138 uirorum
3321 2113 3400 2122 —

532 2187 776 2273 placuit
831 2190 913 2254 72
979 2212 1061 2254 ex
1119 2191 1507 2256 consiliariis
1567 2231 1649 2240 -
1698 2191 1795 2256 sic
1842 2231 1960 2275 —,
2035 2215 2165 2256 non
2227 2231 2309 2240 —
2368 2189 2770 2255 solummodo
2829 2190 2868 2253 3
2925 2211 3192 2254 numero
3241 2211 3410 2253 com-

534 2305 759 2390 putati.

709 2419 836 2484 Die
885 2423 926 2486 6
956 2421 1141 2486 Junii
1186 2421 1491 2488 mandato
1540 2423 1963 2510 suprascripti
2011 2423 2256 2488 domini
2289 2421 2609 2508 capitanei
2640 2430 2704 2485 et
2736 2420 3112 2504 defensoris,
3163 2420 3232 2484 in
3265 2441 3412 2484 con-

535 2534 679 2599 silio
728 2537 981 2622 spetiali
1030 2548 1094 2602 et
1140 2539 1424 2623 generali
1473 2538 1718 2602 domini
1766 2539 2086 2624 capitanei
2144 2549 2208 2603 et
2253 2539 2474 2625 populi
2521 2535 2808 2602 iamdicti
2858 2546 2922 2600 et
2969 2536 3413 2621 capitudinum

542 2653 622 2716 12
648 2653 964 2717 maiorum
989 2653 1243 2737 artium,
1280 2694 1363 2702 —
1397 2654 1466 2717 in
1498 2654 1773 2718 ecclesia
1804 2654 2012 2718 sancti
2039 2653 2216 2718 Petri
2241 2651 2577 2718 Scheradii
2611 2660 3015 2736 congregatO,
3051 2651 3293 2736 placuit
3325 2653 3407 2717 57

538 2805 617 2813 —
668 2765 763 2830 sic
811 2806 893 2814 —-
942 2767 1013 2831 in
1058 2767 1302 2854 pisside
1351 2768 1517 2852 alba,
1568 2791 1695 2832 uno
1745 2803 1827 2813 —
1879 2792 2012 2833 non
2061 2808 2144 2818 —-
2195 2769 2265 2833 in
2311 2767 2555 2853 pisside
2604 2767 2822 2831 rubea.

755 2879 883 2946 Die
943 2885 977 2947 7
1019 2882 1228 2968 «lunii,
1280 2885 1349 2948 in
1405 2884 1674 2949 consilio
1730 2883 2018 2969 generali
2066 2885 2196 2949 300
2243 2893 2308 2947 et
2363 2882 2618 2968 spetiali
2664 2883 2752 2946 90
2799 2881 3084 2946 uirorum
3131 2891 3196 2946 et
3244 2881 3410 2967 capi-

532 2996 831 3062 tudinum
881 2999 961 3063 12
1010 3000 1327 3064 maiorum
1372 3001 1631 3083 artium,
1704 3001 1773 3064 in
1818 2999 2085 3086 pallatio
2134 2999 2452 3082 comunis,
2526 3020 2744 3063 coram
2789 3007 3103 3084 potestate
3151 3019 3410 3081 congre-

534 3122 702 3198 gato,
755 3153 837 3162 ——
887 3115 1219 3200 prouisum
1266 3125 1382 3199 est,
1434 3115 1607 3202 quod
1655 3115 1914 3180 ualeant
1961 3124 2080 3180 cet.
2174 3113 2428 3178 Placuit
2474 3113 2659 3199 quasi
2707 3113 3026 3176 omnibus

754 3229 1000 3294 Hierzu
1046 3230 1273 3318 gehort
1320 3231 1423 3296 die
1473 3229 1786 3297 Consulte
1833 3232 1876 3294 4
1922 3253 1983 3316 p.
2023 3231 2207 3295 158b
2256 3232 2358 3294 die
2426 3231 2472 3289 V
2511 3232 2742 3293 mensio
2786 3229 2978 3293 Junii
3020 3235 3214 3292 1296.

755 3345 835 3409 In
906 3347 1177 3412 consilio
1249 3357 1503 3412 centum
1574 3348 1858 3412 uirorum
1912 3346 2248 3432 proposuit
2295 3345 2593 3409 dominus
2645 3345 3019 3430 capitaneus
3077 3385 3159 3392 —
3219 3365 3412 3430 super

533 3460 863 3545 petitione,
913 3473 1211 3547 porrecta
1258 3485 1450 3549 super
1494 3463 1663 3528 facto
1711 3461 2071 3549 hospitalis,
2124 3461 2462 3526 existentis
2511 3460 2682 3546 apud
2729 3460 3011 3546 plateam
3057 3459 3266 3525 sancti
3297 3459 3409 3524 Jo-

533 3575 786 3660 hannis,
837 3587 901 3641 et
946 3600 1139 3665 super
1184 3579 1329 3644 aliis
1378 3581 1678 3644 omnibus
1726 3579 1796 3642 in
1845 3577 2020 3642 dicta
2063 3576 2374 3662 petitione
2423 3576 2764 3640 contentiS.

763 3780 871 3846 25.
943 3782 1135 3849 Anno
1184 3790 1383 3865 1296,
1431 3786 1776 3850 indictione
1819 3789 1884 3864 9,
1935 3785 2040 3848 die
2083 3789 2124 3847 9
2158 3785 2386 3847 nwnsie
2417 3783 2708 3868 Auyueto
2755 3777 3151 3864 (Bullettone
3184 3803 3244 3867 p.
3273 3782 3412 3847 3222

534 3922 630 3964 nr.
671 3893 919 3980 XVH).

757 4038 1052 4120 Qualiter
1093 4041 1447 4126 «Iohannes,
1496 4042 1674 4127 prior
1720 4038 1989 4106 ecclesie
2038 4039 2245 4104 sancti
2293 4038 2470 4103 Petri
2501 4035 2836 4103 Scheradii
2867 4037 3214 4120 Florentie,
3266 4060 3407 4102 sen-

535 4157 834 4221 tentiauit
880 4167 943 4222 et
988 4158 1278 4222 laudauit
1322 4157 1543 4244 uigore
1592 4157 2057 4243 compromissi,
2108 4156 2176 4219 in
2224 4178 2371 4220 eum
2414 4155 2570 4219 facti
2601 4177 2717 4240 per
2748 4154 3081 4219 dominum
3111 4152 3165 4217 F
3167 4152 3406 4217 rancis-

536 4272 743 4355 chum,
795 4273 1168 4359 episcopum
1225 4271 1688 4357 Florentinum,
1761 4295 1841 4337 ex
1910 4295 2040 4336 una
2094 4280 2275 4357 parte
2324 4282 2388 4335 et
2433 4271 2728 4336 consules
2777 4279 3202 4334 mercatorum
3250 4269 3407 4332 artis

536 4384 737 4452 Callis
786 4389 953 4453 male
1000 4412 1080 4452 ex
1130 4389 1349 4474 altera,
1400 4389 1859 4455 sententiatum
1904 4388 2044 4471 fuit,
2094 4387 2266 4470 quod
2314 4387 2624 4452 deberent
2669 4384 2918 4450 soluere
2963 4383 3250 4469 predicto
3300 4382 3406 4445 do·

534 4504 709 4568 mino
779 4506 1082 4591 episcopo
1140 4515 1439 4570 contenta
1502 4507 1569 4569 in
1619 4505 1790 4568 dicto
1846 4505 2307 4585 instrumentO,
2380 4502 2620 4587 scripto
2668 4522 2865 4565 manu
2909 4498 3202 4562 Miniatis
3251 4497 3407 4562 olim

532 4618 782 4703 Jacobi‚
832 4621 1068 4685 notarii
1117 4621 1236 4686 sub
1291 4621 1458 4684 1296
1504 4619 1858 4684 indictione
1908 4620 1968 4702 9,
2022 4618 2124 4681 die
2173 4619 2214 4683 9
2261 4617 2502 4681 mensis
2548 4615 2852 4700 Augusti.

756 4814 869 4881 26.
936 4816 1127 4881 Anno
1162 4822 1358 4897 1296,
1406 4818 1750 4880 indictione
1792 4822 1900 4895 10,
1948 4815 2052 4878 die
2096 4819 2136 4876 6
2167 4815 2443 4878 intrante
2472 4832 2678 4874 mense
2707 4807 3073 4874 Decembris
3121 4804 3404 4890 (Provis.

535 4931 577 4994 6
623 4952 685 5015 p.
724 4931 922 5016 149b‚
974 4929 1156 5017 Gaye
1200 4931 1237 4996 I
1282 4953 1342 5017 p.
1379 4927 1557 5013 431).

756 5070 962 5160 Super
1007 5073 1420 5158 infrascripta
1462 5071 1832 5157 prouisione
1880 5080 1945 5134 et
1992 5069 2454 5136 deliberatione
2501 5106 2586 5116 —
2633 5066 2814 5131 cuius
2860 5075 3047 5130 tenor
3084 5062 3236 5127 talis
3285 5074 3408 5128 est:

754 5185 961 5274 Super
1007 5187 1285 5273 quadam
1331 5187 1640 5273 petitione
1687 5208 1802 5271 pro
1850 5196 2032 5273 parte
2077 5184 2489 5250 Venerabilis
2548 5183 2750 5268 patris
2822 5190 2887 5244 et
2955 5178 3229 5262 domini,
3305 5179 3413 5244 do-

642 5293 809 5346 ray,
840 5293 911 5332 «ιι.
936 5293 1108 5342 ιοςςι.
1135 5293 1207 5332 <101
1233 5291 1425 5341 signori.
2883 5285 2948 5338 19
