4009 5859
1812 1588 1896 1671 V.

744 1787 1076 1892 Santo
1130 1787 1582 1922 Spirit03
1680 1786 2015 1930 Santa
2077 1785 2422 1888 Maria
2485 1786 2590 1889 N
2596 1786 2976 1888 ouella.

1708 2001 2028 2008 ——-—-—-

647 2155 709 2221 1.
783 2157 972 2221 Anno
1018 2163 1223 2236 1294,
1292 2157 1637 2220 indictione
1679 2163 1751 2234 8,
1827 2157 1929 2218 die
1984 2161 2064 2218 11
2113 2157 2390 2218 int-rante
2427 2176 2634 2218 mense
2679 2153 2966 2219 Octobris
3025 2151 3304 2237 (ProviS.

427 2274 575 2338 filza
620 2275 663 2338 4
709 2297 771 2360 p.
808 2274 965 2358 84b,
1017 2271 1203 2359 Gaye
1248 2273 1283 2337 I
1329 2295 1390 2360 p.
1426 2268 1603 2355 426).

647 2407 816 2472 Item
860 2403 955 2490 (in
1004 2407 1273 2472 consilio
1322 2417 1579 2471 centum
1627 2401 1939 2488 uirorum)
1986 2406 2053 2469 in
2102 2406 2318 2491 precio
2366 2416 2430 2470 et
2476 2427 2592 2492 pro
2639 2381 2856 2491 precio
2905 2405 3308 2491 quarundam

427 2523 779 2608 domorum,
830 2525 897 2588 in
946 2524 1207 2588 ciuitate
1238 2522 1564 2588 Florentie
1610 2525 1791 2587 iuxta
1835 2522 2118 2610 plateam
2167 2522 2436 2586 ecclesie
2471 2522 2678 2586 sancti
2712 2518 3012 2607 Spiritus,
3063 2521 3308 2586 ordinis

428 2641 631 2705 sancti
679 2640 1033 2726 Augustini
1082 2640 1161 2705 de
1206 2640 1554 2723 Florentia,
1607 2639 2025 2704 emendarum
2071 2649 2136 2703 et
2181 2649 2406 2725 postea
2453 2637 2984 2704 destruendarum
3042 2638 3109 2702 in
3166 2639 3310 2724 ipsa

428 2768 491 2822 et
536 2780 651 2843 pro
698 2758 841 2843 ipsa
898 2759 1113 2843 platea
1167 2756 1537 2843 amplianda
1592 2767 1655 2821 et
1702 2756 2054 2822 crescenda
2102 2754 2452 2820 secundum
2503 2753 2777 2820 formam
2823 2755 3046 2819 statuti
3095 2778 3306 2819 comu-

426 2873 528 2938 nis
575 2873 719 2938 libr.
756 2875 888 2939 200
931 2873 975 2938 f.
1010 2896 1071 2959 p.

605 2989 792 3055 Dazu
838 2989 1067 3075 gehort
1112 2989 1216 3055 die
1264 2987 1577 3056 Consulte
1622 2990 1773 3056 filza
1802 2991 1845 3054 4
1892 3013 1952 3076 p.
1993 2991 2190 3055 104a.

649 3107 727 3171 In
774 3107 1036 3171 consilio
1086 3119 1325 3171 centum
1373 3103 1643 3190 (Datum
1673 3106 1852 3189 fehlt,
1904 3107 2060 3170 aber
2103 3107 2269 3170 nach.
2300 3105 2448 3170 dem
2485 3105 2585 3169 13.
2615 3101 2996 3190 September
3031 3103 3162 3167 und
3194 3125 3310 3167 vor

433 3221 581 3287 dem
628 3225 733 3287 25.
770 3220 1053 3288 October
1104 3224 1295 3305 1294,
1347 3223 1483 3287 also
1532 3221 1704 3286 wohl
1751 3246 1855 3287 am
1907 3225 2009 3286 11.
2047 3217 2388 3304 October).

646 3339 813 3403 Item
860 3361 1052 3426 super
1098 3339 1407 3405 soluendo
1457 3337 1535 3402 de
1584 3339 1857 3424 pecunia
1897 3339 2187 3404 comunis
2228 3339 2428 3404 libras
2462 3339 2595 3403 200
2617 3337 2659 3401 f.
2694 3361 2755 3424 p.
2791 3359 2905 3423 pro
2939 3336 3311 3424 amplianda

426 3453 639 3539 platea
685 3455 955 3520 ecclesie
1002 3455 1209 3520 sanc-ti
1256 3451 1533 3540 Spiritus
1579 3456 1649 3518 in
1698 3455 1913 3540 precio
1949 3453 2302 3537 domorum,
2354 3453 2525 3518 dicta
2556 3453 2635 3518 de
2669 3477 2864 3519 causa
2895 3455 3310 3520 emendarum

428 3571 781 3635 secundum
815 3572 1317 3654 extimationem,
1355 3571 1435 3636 de
1466 3571 1625 3657 ipsis
1661 3571 1957 3635 domibus
1990 3571 2119 3634 iam
2151 3571 2384 3635 factam
2410 3593 2524 3656 per
2549 3570 2876 3654 officiales,
2913 3593 3026 3656 pro
3054 3573 3309 3636 comuni

428 3685 663 3768 adhoc
697 3688 953 3772 electos,
995 3711 1118 3773 que
1153 3687 1379 3753 domus
1416 3697 1565 3753 sunt
1602 3711 1680 3751 ex
1714 3686 1914 3752 latere
1948 3688 2070 3752 orti
2114 3686 2430 3751 dic-torum
2460 3689 2746 3771 fratrum,
2783 3711 2941 3773 quas
2975 3689 3307 3752 camerarii

425 3803 683 3884 soluant
727 3805 909 3889 Lapo
956 3804 1281 3888 Bonaiuti‚
1332 3804 1522 3869 Dono
1573 3803 1653 3868 de
1698 3803 2058 3868 Barberino
2107 3815 2170 3868 et
2215 3802 2472 3890 Filippo
2523 3802 2601 3868 de
2633 3803 3020 3888 LombardO,
3071 3804 3308 3868 officia-

312 3967 317 3972 -
434 3920 603 3986 libus
650 3921 733 3985 ad
777 3920 899 3985 hoc
947 3921 1187 3986 electis,

651 4089 716 4156 2.
781 4091 971 4155 Anno
1016 4097 1213 4172 1295,
1275 4087 1655 4174 (indictione
1703 4087 1791 4174 8),
1844 4093 1946 4155 die
1999 4089 2222 4155 XXII
2257 4091 2639 4176 Septembris
2685 4086 3067 4176 (verloscht)
3113 4085 3309 4171 (Con-

428 4205 595 4271 sulte
640 4206 789 4270 filza
819 4207 861 4270 4
909 4229 969 4291 p.
1011 4207 1133 4271 127
1152 4202 1241 4289 b).
2931 4198 2952 4208 “

648 4340 729 4404 In
785 4341 1055 4406 consilio
1117 4351 1373 4405 centum
1420 4342 1724 4407 uirorum.
1786 4378 1869 4386 —
1926 4313 2029 4406 De
2077 4341 2386 4407 soluendo
2433 4341 2739 4407 fratribus
2787 4341 3310 4407 Predicatoribus

430 4458 699 4522 ecclesie
749 4467 969 4523 sancte
1002 4458 1207 4522 Marie
1240 4458 1512 4522 Nouelle
1552 4483 1663 4544 pro
1698 4482 1889 4544 opere
1938 4458 2107 4522 dicte
2155 4458 2424 4524 ecclesie
2473 4481 2586 4544 pro
2635 4456 2884 4522 duobus
2933 4459 3140 4540 annm,
3189 4458 3310 4522 ini-

429 4573 668 4640 tiandis
714 4574 784 4637 in
829 4572 1151 4638 kallendis
1192 4575 1437 4639 mensis
1468 4574 1765 4638 Januarii
1797 4575 2088 4660 proxime
2124 4575 2408 4654 uenturi3
2459 4573 2761 4637 uidelicet
2803 4584 3073 4658 utroque
3112 4572 3311 4638 dicto-

428 4713 571 4754 rum
604 4689 873 4754 duorum
907 4714 1220 4754 annorum
1256 4689 1335 4754 de
1368 4713 1589 4756 mense
1621 4689 1840 4756 Martii
1874 4691 2074 4755 libras
2119 4691 2249 4755 300
2280 4689 2322 4755 f.
2350 4712 2411 4774 p.
2448 4698 2513 4754 et
2545 4687 2624 4753 de
2656 4712 2877 4754 mense
2911 4685 3310 4774 Septembris

429 4805 589 4871 alias
631 4805 833 4870 libras
883 4807 1014 4871 300
1044 4805 1085 4870 f.
1112 4828 1175 4892 p.

649 4921 819 4986 Item
865 4920 944 4985 de
1006 4921 1317 4986 soluendo
1364 4922 1671 4986 fratribus
1728 4921 2169 4986 Heremitanis
2226 4921 2471 4986 ordinis
2529 4921 2736 4985 sancti
2795 4921 3148 5004 Augustini
3195 4944 3310 5007 pro

431 5059 620 5120 opere
666 5036 837 5102 dicte
885 5037 1157 5102 ecclesie
1204 5060 1318 5123 pro
1368 5037 1618 5103 duobus
1666 5038 1853 5102 annis
1903 5037 2102 5102 libras
2149 5039 2309 5118 4003
2371 5037 2620 5102 scilicet
2679 5047 2946 5122 utroque
2993 5036 3310 5101 dictorum

432 5150 701 5216 duorum
756 5176 1070 5217 annorum
1127 5153 1205 5217 de
1254 5176 1475 5218 mense
1522 5152 1741 5217 Martii
1799 5153 1997 5217 libras
2046 5155 2173 5218 100
2211 5153 2254 5218 f.
2291 5175 2350 5240 p.
2403 5163 2466 5217 et
2513 5153 2591 5217 de
2639 5176 2859 5217 mense
2909 5149 3309 5239 Septembris

433 5267 590 5334 alias
636 5268 836 5334 libras
873 5269 1002 5334 100
1032 5269 1074 5332 f.
1111 5291 1171 5354 p.
1210 5303 1292 5314 -
1326 5267 1598 5334 Placuit.
