4009 5859
1842 421 1971 486 282⁷>

683 596 833 663 142.
905 599 1037 663 Die
1081 599 1269 664 XIV
1301 602 1530 663 mensis
1577 599 1945 664 Decembris
1993 606 2167 662 1394
2217 595 2303 683 (a.
2338 623 2395 664 a.
2432 597 2509 664 Ο.
2545 623 2605 687 p.
2634 602 2716 666 27
2733 603 2817 678 a).

679 731 1032 798 Laurentio
1077 732 1132 796 F
1135 733 1339 818 ilippi,
1391 734 1882 820 capomagistro,
1956 756 2073 820 pro
2134 735 2270 798 eius
2329 735 2563 799 salario
2615 770 2697 778 --
2747 737 2789 801 5
2836 735 3175 818 mensium,
3226 735 3345 799 ini-

457 849 762 914 tiatorum
810 833 915 914 die
962 849 1170 934 prima
1215 849 1458 914 mensis
1504 848 1684 934 Julii‚
1735 849 2028 936 proxime
2074 849 2383 935 preteriti,
2438 885 2521 896 --
2566 852 2845 918 florenos
2894 853 3031 927 auri
3078 854 3184 920 40.

683 1015 832 1083 143.
915 1019 1033 1082 Die
1081 1024 1164 1082 19
1213 1022 1442 1083 mensis
1491 1021 1725 1085 Martii
1768 1027 1942 1084 1394
1977 1015 2123 1104 (95)
2168 1016 2254 1102 (a.
2290 1043 2346 1085 a.
2382 1017 2461 1086 Ο.
2508 1023 2659 1086 filza
2691 1023 2775 1088 36
2822 1045 2883 1108 p.
2918 1018 3063 1106 9b).

683 1151 978 1242 Operarii
1029 1195 1112 1204 -
1161 1155 1480 1241 eligerunt
1526 1165 1589 1220 ot
1637 1155 2109 1241 deputauerunt
2152 1153 2576 1219 Laurentium
2620 1155 2883 1242 Filippi,
2942 1156 3341 1241 magistrum,

463 1271 670 1336 ciuem
713 1270 1180 1354 Florentinum,
1231 1273 1298 1336 in
1348 1271 1890 1358 capomagistrum
1939 1271 2108 1336 dicte
2157 1293 2349 1357 opere
2390 1294 2504 1358 pro
2536 1281 2824 1358 tempore
2858 1295 2973 1338 sex
3005 1274 3343 1356 mensium,

460 1387 856 1452 initiatorum
902 1388 1007 1453 die
1054 1389 1262 1475 prima
1307 1390 1550 1454 mensis
1596 1388 1912 1473 Januarii,
1964 1388 2255 1474 proxime
2304 1389 2612 1474 preteriti.

683 1502 866 1569 Ganz
923 1503 1238 1588 dasselbe,
1289 1500 1456 1589 (also
1507 1501 1813 1592 doppelt),
1876 1505 2212 1571 nochmals
2262 1503 2793 1592 ausgeschrieben
2849 1515 3037 1572 unter
3088 1508 3191 1572 die
3246 1506 3355 1571 IV

462 1623 692 1684 mensis
736 1619 926 1685 Junii
969 1615 1052 1703 (a.
1088 1645 1145 1685 a.
1183 1618 1261 1685 O.
1309 1643 1372 1708 p.
1411 1617 1590 1706 16a).
2068 1621 2085 1634 ⁰

686 1789 835 1856 144.
906 1793 1037 1857 Die
1083 1792 1189 1856 IX
1231 1793 1401 1856 Julii
1445 1797 1618 1856 1395
1667 1787 1752 1874 (a.
1781 1814 1837 1855 a.
1873 1788 1952 1856 Ο.
1999 1791 2151 1856 filza
2182 1792 2262 1856 37
2314 1813 2374 1876 p.
2410 1787 2553 1874 2b).

683 1924 1034 1990 Laurentio
1081 1925 1135 1991 F
1141 1926 1343 2013 ilippi,
1396 1926 1592 2012 capiti
1639 1925 1968 2010 magistm,
2021 1925 2329 1989 salarium
2378 1949 2565 1990 suum
2598 1936 2978 1990 consuetum
3023 1949 3136 1992 sex
3170 1949 3344 1992 men-

465 2042 652 2126 sium,
704 2042 1110 2130 inceptorum
1158 2042 1262 2108 die
1309 2043 1517 2129 primo
1573 2041 1889 2125 Januarii,
1949 2041 2241 2127 proxime
2300 2041 2605 2126 preteriti,
2664 2041 2745 2106 ad
2800 2043 3117 2108 rationem
3164 2043 3345 2109 flore-

464 2181 693 2224 norum
740 2160 782 2224 8
829 2161 989 2224 auri.

688 2327 839 2395 145.
911 2331 1042 2395 Die
1087 2337 1170 2394 18
1221 2329 1605 2394 Nouembris
1650 2324 1735 2412 (a.
1771 2351 1828 2393 a.
1864 2325 1942 2393 Ο.
1993 2351 2055 2414 p.
2092 2323 2274 2410 15a).

695 2499 770 2508 —-
821 2464 1175 2550 Elegerunt
1227 2464 1297 2529 in
1343 2463 1932 2550 capudmagistrum
1990 2461 2163 2528 dicte
2220 2484 2412 2548 opere
2481 2483 2596 2547 pro
2664 2471 2953 2546 tempore
3024 2463 3341 2546 semestri,

464 2581 765 2646 initiandi
809 2581 992 2646 finito
1040 2581 1260 2664 altero,
1310 2579 1734 2645 Laurentium
1779 2578 2041 2665 Filippi.

1221 3125 1298 3196 0.
1367 3125 1506 3192 Der
1554 3125 1952 3212 elqentliehe
1996 3125 2125 3192 Bau
2174 3127 2296 3192 der
2338 3125 2600 3212 Loqqia.

690 3316 749 3382 1.
822 3317 1012 3382 Anno
1061 3323 1258 3399 1376,
1308 3319 1411 3382 die
1454 3315 1717 3383 XVIII
1755 3315 2050 3402 Auqmti.
2133 3313 2266 3380 Cfr.
2316 3314 2693 3380 Dokument
2738 3314 2990 3381 VIIIA
3036 3339 3131 3381 nr.
3168 3317 3229 3382 9.

689 3485 755 3551 2.
827 3487 1018 3552 Anno
1067 3492 1264 3567 1376,
1321 3441 1665 3553 indictione
1711 3494 1820 3565 15,
1880 3488 1982 3550 die
2028 3493 2114 3550 25
2163 3489 2389 3550 mensis
2441 3485 2842 3576 Septembris.
2942 3483 3075 3552 Cfr.
3124 3486 3345 3551 Doku-

465 3611 646 3666 ment
689 3601 856 3668 VIII
881 3604 963 3669 A.
1013 3627 1110 3668 nr.
1150 3605 1252 3669 10.

688 3769 755 3836 3.
826 3771 1016 3838 Anno
1064 3779 1264 3856 1376,
1312 3774 1414 3837 die
1459 3784 1630 3837 sexto
1684 3773 1998 3837 octubris.
2082 3769 2213 3838 Cfr.
2264 3771 2639 3838 Dokument
2682 3769 2849 3836 VIII
2872 3771 2949 3836 B.
2999 3795 3095 3837 nr.
3123 3771 3163 3836 3
3192 3797 3251 3837 u.
3279 3773 3341 3836 4.

686 3938 753 4005 4.
825 3943 1016 4006 Anno
1065 3949 1263 4023 1376,
1313 3944 1414 4008 die
1459 3943 1672 4008 XXV
1708 3942 2023 4007 Octubris.
2104 3939 2238 4007 Cfr.
2287 3940 2661 4005 Dokument
2706 3939 2873 4004 VIII
2896 3940 2973 4006 B.
3022 3965 3118 4006 nr.
3148 3943 3207 4007 7.

686 4109 754 4176 5.
823 4112 955 4176 Die
999 4111 1204 4176 XXX
1250 4111 1543 4176 Octubn’s
1588 4107 1836 4198 (Opera
1881 4111 1985 4177 del
2032 4111 2286 4175 Duomo
2332 4111 2481 4176 filza
2512 4113 2553 4178 6
2600 4135 2661 4198 p.
2698 4106 2885 4193 1512).

687 4241 936 4310 Simoni
992 4244 1282 4332 predicto
1340 4244 1420 4330 (F
1424 4247 1702 4310 rancisci
1760 4241 2046 4328 Talenti)
2116 4269 2230 4331 pro
2289 4246 2608 4330 expensis,
2682 4268 2796 4331 per
2850 4267 2996 4309 eum
3042 4245 3228 4309 factis
3276 4247 3342 4309 in

466 4362 831 4427 choloribus
903 4371 966 4426 et
1035 4361 1180 4427 aliis
1253 4363 1635 4427 arnensibus
1706 4385 1820 4448 pro
1891 4360 2293 4445 designando
2352 4360 2737 4424 cholonnam
2781 4360 2994 4444 loggie
3039 4361 3107 4423 in
3153 4383 3344 4446 opere

439 4489 686 4570 ¹sancte
732 4478 1072 4564 Reparate,
1123 4478 1190 4542 in
1241 4501 1492 4544 summa
1537 4478 1736 4550 libras
1785 4488 1915 4542 tres
1948 4478 1990 4541 f.
2028 4501 2089 4563 p.
2139 4487 2203 4541 et
2249 4486 2569 4562 ponantur
2615 4475 2699 4539 ad
2744 4477 3061 4540 rationem
3108 4476 3340 4560 loggie.

688 4646 757 4715 6.
827 4647 1250 4714 MCCCLXX
1266 4647 1364 4712 VI
1398 4642 1563 4730 (77),
1613 4648 1716 4711 die
1763 4647 1984 4712 XXII
2020 4647 2332 4711 Januarii
2374 4641 2458 4730 (a.
2494 4668 2551 4709 a.
2587 4641 2666 4709 Ο.
2713 4645 2863 4709 filza
2909 4645 2945 4708 7
2996 4667 3057 4730 p.
3092 4640 3231 4727 ba).

688 4777 984 4868 Operarii
1031 4780 1305 4868 predicti
1351 4780 1789 4867 prouiderunt,
1841 4780 2305 4846 ordinauerunt
2335 4791 2398 4846 et
2430 4779 2964 4862 deliberauerunt,
3016 4777 3187 4863 quod
3221 4777 3344 4843 due

465 4898 780 4963 cholonne
825 4897 1015 4982 logie,
1068 4897 1191 4962 site
1241 4919 1464 4963 uersus
1514 4897 1796 4983 plateam
1844 4896 2251 4961 dominorum
2300 4898 2600 4982 priorum,
2651 4898 2811 4961 fiant
2858 4906 2921 4961 et
2966 4895 3347 4960 edificentur

465 5036 707 5099 grosse,
781 5013 1070 5098 qualibet
1114 5009 1266 5098 (sic)
1314 5035 1534 5078 earum
1579 5011 1808 5078 brach:
1859 5008 1986 5094 (ios
2035 5009 2237 5094 wohl)
2283 5023 2414 5078 tres
2462 5023 2524 5076 et
2571 5020 2867 5095 quartam
2897 5021 3142 5094 partem
3174 5010 3343 5075 alius

462 5128 707 5212 brachi,
758 5128 944 5193 modo
994 5139 1059 5195 et
1104 5128 1327 5211 forma,
1379 5130 1614 5214 quibus
1663 5138 1761 5194 est
1815 5126 2136 5192 modellus
2194 5151 2309 5193 seu
2369 5126 2760 5211 exemplum,
2820 5125 3225 5210 designatum
3273 5126 3343 5189 in

463 5244 740 5330 quodam
788 5245 942 5309 folio
989 5269 1102 5331 per
1147 5267 1250 5310 me
1296 5245 1634 5328 Jacobum,
1694 5244 2019 5309 notarium
2080 5243 2532 5327 subscriptum,
2596 5253 2659 5306 et
2714 5241 3001 5328 predicta
3055 5241 3343 5305 fecerunt
