4009 5859
1806 431 1930 494 173

426 629 695 672 comune
760 606 816 670 F
817 607 1106 690 lorentie‚
1164 641 1247 650 —
1318 605 1631 670 uendatur
1678 639 1761 650 -
1808 606 1945 672 iure
1992 606 2250 691 proprio
2299 617 2363 672 et
2409 607 2876 692 imperpetuum
2921 605 3107 672 Maso
3155 629 3294 692 pre-

426 720 596 786 dicto
664 743 779 808 pro
848 722 1052 808 pretio
1124 761 1207 772 --
1277 721 1589 787 librarum
1652 723 1780 787 100
1810 721 1853 786 f.
1888 745 1949 808 p.
2002 757 2086 766 —-
2137 756 2218 766 —
2267 721 2354 786 Et
2399 722 2572 806 quod
2619 721 2975 808 predictum
3021 723 3296 809 pretium

422 837 707 922 ipsarum
753 837 1061 902 librarum
1097 839 1225 902 100
1254 837 1296 903 f.
1330 859 1414 922 p.,
1458 861 1497 902 a
1528 837 1814 924 predicto
1846 836 2035 902 Maso
2083 877 2166 888 —
2217 837 2698 922 percipiendum
2733 877 2814 886 -
2849 859 2962 922 per
2993 837 3294 902 offitiales

423 951 780 1036 iamdictos,
854 987 937 996 —
1007 952 1181 1018 licite
1240 962 1304 1017 et
1356 953 1617 1038 impune
1683 987 1763 996 —
1836 975 1951 1038 pro
2000 952 2442 1035 extimatione,
2507 952 2952 1018 emendatione
3000 962 3064 1018 et
3109 954 3294 1018 satis-

423 1067 697 1132 factione
746 1068 1187 1154 dampnorum,
1238 1067 1533 1132 datorum
1580 1091 1693 1133 seu
1742 1068 2100 1134 dandorum
2147 1068 2216 1132 in
2262 1067 2646 1153 quibusdam
2679 1068 2996 1152 domibus,
3045 1067 3293 1131 hediffi-

424 1182 531 1247 tiis
579 1193 645 1247 et
690 1183 959 1248 terrenis
1008 1183 1409 1268 quorundam
1454 1183 1789 1248 hominum
1836 1195 1899 1249 et
1943 1207 2362 1270 personarum
2407 1184 2787 1269 populorum
2835 1193 3054 1250 sancte
3086 1184 3294 1270 Repa-

422 1309 557 1362 rate
628 1307 693 1362 et
759 1299 965 1364 sancti
1010 1298 1351 1364 Michaelis
1410 1299 1489 1364 de
1536 1298 1977 1364 Vicedominis
2027 1309 2092 1364 et
2137 1298 2394 1364 aliunde
2443 1299 2670 1384 positis
2717 1299 2784 1363 in
2833 1300 2991 1385 ipsis
3039 1298 3293 1384 populis

422 1415 760 1480 occasione
807 1414 977 1479 dicte
1022 1415 1127 1478 uie
1172 1415 1484 1480 mittende
1533 1424 1942 1479 conuertatur
1996 1427 2061 1480 et
2107 1414 2506 1500 expendatur
2576 1449 2657 1458 —-
2729 1414 2976 1480 eisdem
3021 1415 3292 1480 homini-

422 1530 543 1594 bus
590 1539 656 1594 et
700 1529 1011 1614 personiS,
1062 1530 1172 1616 qui
1224 1565 1305 1574 —
1354 1531 1861 1596 satisfactionem
1909 1566 1993 1576 -—
2042 1530 2280 1596 habere
2328 1530 2567 1596 debent
2613 1541 2732 1596 cet.

646 1668 757 1736 54.
851 1673 1041 1736 Anno
1112 1679 1315 1752 1298,
1388 1675 1731 1738 indictione
1801 1680 1907 1753 12,
1980 1675 2084 1737 die
2151 1679 2192 1737 9
2262 1673 2628 1738 Decembris
2697 1669 2975 1756 (ProviS.
3045 1672 3195 1737 filza
3249 1675 3292 1738 9

421 1811 481 1874 p.
523 1784 746 1870 1132).
828 1785 961 1853 Cfr.
1011 1787 1197 1874 Gaye
1242 1789 1277 1853 I
1322 1811 1382 1874 p.
1417 1789 1567 1854 439.

640 1927 752 1994 55.
848 1929 1038 1994 Anno
1089 1936 1283 2010 1299,
1332 1932 1676 1995 indictione
1724 1937 1830 2010 12,
1892 1932 1995 1995 die
2041 1937 2126 1995 24
2173 1933 2401 1995 menois
2448 1933 2680 1996 Martii
2729 1927 3008 2015 (ProviS.
3055 1930 3204 1994 filza
3233 1905 3292 1996 Ι9

420 2069 482 2130 p.
519 2041 754 2128 166b).
837 2042 969 2111 Cfr.
1021 2043 1206 2131 Gaye
1250 2044 1285 2109 Ι
1332 2067 1394 2132 p.
1428 2047 1581 2112 443.

642 2186 755 2258 56.
848 2187 1037 2252 Anno
1088 2194 1292 2270 1299,
1346 2189 1689 2253 indictione
1738 2195 1852 2272 12,
1912 2190 2014 2252 die
2059 2195 2145 2252 27
2191 2191 2422 2253 mensis
2467 2190 2638 2254 Julii
2681 2185 2959 2272 (Provis.
3008 2187 3158 2253 filza
3207 2191 3291 2253 10

420 2327 481 2388 p.
519 2299 1011 2388 75a1—78b).
1076 2301 1209 2370 Cfr.
1260 2302 1443 2390 Gaye
1487 2303 1522 2368 Ι
1568 2326 1629 2391 p.
1664 2306 1795 2370 443
1842 2299 2038 2387 (doch
2084 2305 2251 2370 ohne
2297 2304 2580 2370 Monats-
2631 2304 2761 2369 und
2808 2298 3287 2388 Tagesdatum).

640 2445 745 2516 57.
836 2448 1027 2513 Anno
1100 2455 1295 2529 1299,
1366 2450 1711 2514 indictione
1781 2455 1887 2528 12,
1960 2450 2063 2513 die
2134 2455 2216 2512 19
2273 2451 2501 2513 mensis
2559 2446 2943 2534 Septembris
3009 2446 3288 2532 (Pi-ovis.

418 2563 569 2628 filza
616 2565 701 2629 10
744 2585 806 2650 p.
846 2559 1068 2646 103a).
1141 2561 1272 2630 Cir.
1324 2562 1508 2650 Gaye
1552 2565 1589 2630 I
1634 2587 1695 2650 p.
1728 2565 1879 2631 443.

639 2720 751 2789 58.
822 2723 1011 2787 Anno
1046 2729 1242 2803 1299,
1290 2726 1634 2789 indictione
1667 2731 1771 2806 13,
1822 2726 1925 2790 die
1956 2731 2041 2789 23
2075 2727 2351 2789 intrante
2378 2746 2583 2788 mense
2611 2723 2978 2789 Decembris
3009 2722 3286 2807 (ProviS.

418 2838 567 2903 filza
613 2840 698 2904 10
742 2862 803 2925 p.
842 2841 1035 2923 1862,
1088 2837 1269 2925 Gaye
1316 2840 1351 2904 I
1395 2862 1457 2925 p.
1491 2835 1672 2921 445).

638 2970 958 3038 Prouisio:
1018 2969 1187 3038 Cum
1234 2973 1301 3038 in
1351 2974 1627 3058 capitulo
1674 2973 2006 3038 constituti
2057 2973 2298 3037 domini
2347 2974 2664 3060 capitanei
2712 2983 2778 3037 et
2823 2973 3042 3059 populi
3092 2974 3289 3037 conti-

417 3097 659 3171 neatur,
710 3087 879 3172 quod
913 3087 1203 3172 quilibet,
1247 3087 1491 3153 faciens
1524 3098 1995 3171 testamentum,
2048 3087 2376 3152 codicillos
2410 3089 2514 3152 uel
2545 3085 2838 3152 ultimam
2870 3089 3286 3172 uoluntatem,

417 3203 775 3289 relinquere
844 3202 1077 3268 debeat
1144 3205 1213 3268 in
1261 3203 1622 3268 subsidium
1669 3214 1733 3267 et
1777 3226 1891 3292 pro
1940 3202 2230 3268 subsidio
2279 3227 2588 3268 nouorum
2634 3227 2961 3268 murorum
3009 3205 3288 3268 ciuitatis

417 3317 696 3403 aliquam
742 3319 1011 3403 pecunie
1060 3320 1502 3404 quantitatem,
1554 3319 1712 3383 alias
1758 3329 2232 3402 testamentum,
2283 3318 2562 3383 codicilli
2611 3329 2674 3384 et
2719 3321 2948 3384 ultima
2993 3320 3288 3386 uoluntas

416 3433 653 3498 nullius
724 3444 875 3499 sunt
943 3436 1199 3519 ualoris,
1274 3435 1455 3501 saluo
1526 3435 1725 3521 quod,
1800 3436 1854 3500 si
1922 3434 2094 3499 infra
2162 3459 2400 3499 annum
2469 3459 2506 3499 a
2553 3434 2655 3499 die
2705 3435 2917 3500 obitus
2963 3435 3287 3499 testatoris

414 3547 683 3612 heredes
765 3550 902 3614 eius
970 3549 1295 3615 soluerent
1373 3551 1773 3634 offitialibus,
1850 3551 2080 3636 positis
2159 3573 2350 3636 super
2425 3551 2896 3616 constructione
2976 3550 3290 3616 dictorum

416 3689 741 3730 murorum
798 3667 1037 3733 solidos
1088 3670 1234 3750 100,
1308 3667 1436 3732 tale
1505 3677 1977 3749 testamentum,
2054 3667 2332 3731 codicilli
2403 3676 2466 3730 et
2537 3668 2762 3732 ultima
2829 3667 3126 3731 uoluntas
3181 3691 3288 3731 ua·

415 3781 620 3864 leant,
684 3815 762 3824 -
838 3782 1009 3868 quod
1078 3782 1341 3869 quidem
1408 3784 1757 3869 capitulum
1829 3807 1868 3847 a
1936 3782 2041 3848 die
2110 3783 2197 3847 24
2250 3784 2494 3847 mensis
2548 3783 2767 3847 Martii
2821 3783 2886 3847 in
2944 3783 3288 3847 millesimo

415 3892 997 3962 CCLXXXXVII
1042 3894 1276 3980 (1298)
1324 3899 1495 3962 circa
1541 3899 1871 3964 obseruari
1921 3898 2142 3962 debuit
2188 3908 2252 3963 et
2297 3897 2522 3962 habuit
2567 3898 2963 3980 firmitatem3
3016 3920 3286 3982 cumque

414 4011 598 4075 multi
670 4013 843 4077 ciues
917 4023 981 4077 et
1029 4013 1382 4078 comitatini
1431 4013 1710 4077 ciuitatis
1760 4023 1825 4077 et
1870 4014 2210 4078 comitatus
2256 4011 2581 4077 Florentie
2627 4013 2898 4077 fecerint
2943 4023 3285 4078 testamen-

414 4134 567 4209 tum,
642 4127 973 4192 codicillos
1045 4105 1109 4191 et
1178 4128 1467 4192 ultimam
1537 4128 1953 4210 uoluntatem,
2029 4129 2138 4214 qui
2199 4127 2401 4192 nichil
2446 4128 2885 4214 relinquerunt
2931 4152 3044 4214 pro
3094 4129 3285 4193 dictis

420 4243 639 4325 muris,
712 4265 982 4326 quorum
1040 4242 1309 4308 heredes
1362 4267 1493 4307 non
1553 4245 1885 4308 soluerunt
1940 4243 2146 4308 dictos
2195 4243 2434 4308 solidos
2485 4245 2640 4325 1003
2694 4283 2775 4291 —
2826 4283 2908 4292 —
2957 4245 3289 4329 prouisum

410 4355 548 4438 fuit,
622 4357 792 4441 quod
860 4357 1128 4423 heredes
1195 4358 1420 4422 talium
1467 4357 1929 4442 defunctorum,
2004 4359 2116 4444 qui
2182 4357 2495 4422 hactenus
2566 4367 2715 4422 ante
2777 4357 2946 4422 diem
3015 4355 3284 4424 XVIIII

414 4471 655 4535 mensis
726 4469 1126 4558 Septembris
1138 4524 1153 4556 ,
1244 4474 1534 4558 proxime
1616 4474 1937 4559 preteriti,
2016 4473 2308 4538 fecerunt
2385 4481 2869 4555 testamentum,
2951 4471 3282 4537 codicillos

414 4606 530 4646 seu
599 4584 887 4650 ultimam
951 4587 1364 4670 uoluntatem,
1435 4589 1506 4652 in
1574 4611 1699 4673 quo
1771 4589 1874 4653 uel
1944 4590 2176 4675 quibus
2231 4611 2362 4653 non
2414 4589 2792 4673 legauerunt
2860 4627 2942 4636 —
3012 4589 3081 4653 in
3135 4588 3281 4652 sub-

413 4698 650 4764 sidium
704 4725 1048 4785 murorum,
1122 4741 1205 4751 -
1275 4713 1541 4788 possent
1588 4715 1652 4767 et
1700 4703 2010 4768 deberent
2057 4704 2306 4768 soluere
2357 4702 2736 4768 offitialibus
2785 4741 2868 4752 -—
2919 4713 3125 4767 certas
3172 4725 3278 4790 pe-

411 4815 597 4879 cunie
644 4818 1033 4902 quantitates
1079 4816 1249 4882 infra
1296 4831 1539 4883 certum
1584 4819 1929 4882 terminum
1976 4827 2041 4882 et
2088 4828 2358 4905 tempuS,
2410 4817 2538 4880 iam
2586 4817 2894 4902 elapsum,
2947 4818 3066 4882 sub
3115 4840 3281 4903 pena

412 4927 591 5014 dupli
637 4940 755 4995 cet.

631 5097 747 5163 59.
840 5101 1031 5166 Anno
1080 5107 1277 5184 1301,
1324 5105 1668 5168 indictione
1714 5108 1820 5183 14,
1869 5105 1971 5166 die
2018 5109 2056 5166 2
2105 5103 2264 5188 May
2310 5101 2588 5186 (ProviS.
2635 5101 2784 5166 filza
2833 5102 2912 5164 11
2962 5124 3021 5187 p.
3059 5097 3202 5182 3b).

634 5266 717 5275 —
763 5232 1105 5299 Prouisum
1154 5268 1235 5277 --
1283 5235 1421 5318 fuit,
1470 5235 1640 5321 quod
1685 5259 1801 5321 per
1848 5235 2164 5320 offitiales,
2215 5237 2297 5300 ad
2343 5237 2483 5300 iura
2513 5245 2577 5300 et
2607 5235 2781 5301 bona
2811 5235 3100 5299 comunis
3131 5234 3186 5299 F
3189 5235 3279 5301 lo-
