4009 5859
2059 410 2189 512 292

1907 505 2122 512 ἡ-
2203 506 2334 512 ——-—-

897 593 1029 656 Die
1071 595 1364 680 predicta
1408 590 1494 676 (a.
1531 615 1587 658 a.
1623 592 1702 659 Ο.
1754 617 1815 680 p.
1851 590 2044 674 24b).

891 707 1319 774 Presentibus
1351 708 1620 774 Andrea
1647 709 1988 774 Niccholai
2037 709 2116 774 de
2150 707 2571 793 Oricellariis,
2614 709 2948 776 Bernardo
2981 708 3301 776 Guarneri
3334 711 3561 776 Bencii

679 831 744 887 et
789 823 1008 890 alteris
1056 821 1228 910 (sic).

901 942 1226 1007 Antonius
1259 941 1500 1026 Paccii,
1551 943 1771 1030 populi
1817 944 2027 1009 sancti
2057 943 2437 1009 Micchaelis
2469 943 3037 1009 Vicedominorum
3080 944 3162 1009 de
3210 945 3557 1030 Florentia,

678 1066 744 1122 et
786 1057 1110 1124 Martinus
1141 1058 1486 1142 Johannis,
1535 1059 1755 1146 populi
1797 1061 2009 1126 sancti
2040 1059 2395 1144 Laurentii,
2448 1061 2665 1126 audito
2713 1071 2935 1125 tenore
2984 1060 3153 1125 dicte
3198 1061 3559 1144 locationis,

677 1173 846 1239 facte
893 1197 1008 1260 per
1054 1174 1262 1240 dictos
1311 1177 1638 1262 operarios
1687 1175 1860 1241 dicto
1901 1174 2141 1242 Chiaro
2189 1188 2253 1242 et
2298 1179 2445 1262 sibi,
2500 1178 2985 1244 ratificauerunt
3030 1178 3241 1265 ipsam
3287 1177 3560 1244 conduc·

679 1290 922 1355 tionem
967 1303 1032 1357 et
1075 1294 1508 1379 promiserunt
1555 1315 1684 1359 ecc.
1733 1289 1902 1379 (sic).

904 1459 1018 1527 38.
1089 1464 1222 1528 Die
1265 1463 1488 1530 XVII
1524 1467 1757 1529 mencio
1799 1463 1970 1529 Juliz·
2014 1461 2099 1548 (a.
2134 1488 2191 1530 a.
2227 1463 2305 1530 Ο.
2354 1465 2505 1530 filza
2556 1467 2637 1531 13
2684 1489 2745 1553 p.
2780 1462 2918 1549 52).

899 1595 1143 1662 Prefati
1173 1598 1442 1684 operarii
1477 1633 1554 1643 —-
1592 1599 2113 1664 deliberauerunt
2143 1608 2206 1663 et
2238 1599 2719 1685 ordinauerunt,
2755 1601 2926 1686 quod
2960 1600 3276 1666 uendatur
3308 1597 3561 1666 Simoni

675 1710 731 1777 F
734 1713 1014 1778 rancisci
1062 1713 1338 1799 Talenti‚
1390 1716 1718 1800 magistrO,
1791 1725 2045 1780 tantum
2092 1739 2388 1800 marmor,
2463 1717 2635 1802 quod
2692 1741 2775 1781 ex
2831 1740 2907 1781 eo
2952 1717 3095 1782 fieri
3142 1717 3351 1804 possit
3394 1739 3560 1781 unus

680 1829 1013 1895 leoncinus
1061 1830 1457 1916 intagliatus,
1505 1854 1621 1917 pro
1658 1855 1732 1897 eo
1765 1833 1971 1918 pretio
2004 1841 2069 1896 et
2100 1832 2455 1897 secundum
2486 1833 2658 1918 quod
2690 1833 3017 1898 uidebitur
3046 1833 3336 1899 «Iohanni
3366 1831 3420 1897 F
3424 1833 3560 1917 etti,

679 1946 887 2033 capud
931 1947 1242 2033 magistro
1291 1947 1448 2012 dicti
1495 1944 1790 2034 operis¹).

899 2122 1015 2190 39.
1083 2127 1215 2192 Die
1263 2126 1398 2193 VII
1433 2130 1662 2192 mensis
1706 2127 1944 2213 Aqusti
1986 2122 2073 2210 (a.
2108 2149 2165 2192 a.
2202 2125 2281 2192 Ο.
2330 2150 2393 2213 p.
2430 2123 2569 2210 7b).

904 2258 1143 2326 Chiaro
1189 2259 1510 2346 Micholis,
1558 2262 1888 2347 magistr0‚
1939 2272 2003 2326 et
2061 2262 2264 2346 sotiiS,
2313 2261 2423 2348 qui
2464 2271 2718 2326 armant
2756 2263 2967 2328 uoltas
3000 2261 3232 2348 loggie,
3282 2261 3561 2328 florenos

677 2377 912 2463 uiginti
959 2379 1243 2464 quinque
1291 2378 1449 2444 auri.

902 2545 1022 2612 40.
1094 2549 1225 2614 Die
1269 2549 1524 2614 XXXI
1556 2552 1786 2614 ‘mensis
1832 2549 2069 2634 Aqusti
2110 2544 2197 2632 (a.
2232 2572 2289 2614 a.
2326 2548 2405 2614 Ο.
2455 2573 2515 2636 p.
2557 2547 2735 2634 loa).

902 2680 1143 2748 Chiaro
1189 2683 1530 2750 Michaelis
1579 2693 1645 2748 et
1688 2685 1891 2768 sotiis,
1952 2684 2064 2770 qui
2118 2694 2374 2749 armant
2429 2685 2637 2750 uoltas
2697 2685 2938 2770 loggie,
3002 2685 3281 2751 florenos
3328 2687 3561 2772 uiginti

677 2800 961 2887 quinque
1009 2797 1169 2865 au'ri.

897 2986 1006 3055 41.
1080 2986 1335 3075 (Dicta)
1378 2991 1510 3055 Die
1547 2991 1606 3056 V
1642 2993 1874 3055 ‘mensis
1925 2990 2312 3078 Septembris
2356 2989 2439 3074 (a.
2476 3015 2532 3057 a.
2569 2989 2648 3058 Ο.
2698 3015 2759 3080 p.
2799 2989 2983 3076 12b).

901 3123 1168 3189 Prouidi
1215 3124 1369 3189 uiri:

677 3243 998 3307 Dominus
1045 3240 1286 3307 Forese
1334 3241 1412 3306 de
1458 3237 1785 3326 Saluiatis,
1897 3243 2073 3306 ciues
2114 3242 2524 3308 honorabiles
2558 3241 2938 3328 Florentini,
2973 3267 3089 3330 pro
3124 3245 3379 3309 comuni
3411 3242 3465 3308 F
3468 3243 3559 3308 lo·

676 3358 1071 3424 Benedictus
1118 3356 1314 3441 Pieri,
1893 3360 2101 3424 rentie
2170 3359 2446 3444 operarii
2514 3360 2727 3445 operis
2806 3381 2920 3425 seu
2988 3359 3232 3426 fabrice
3288 3360 3559 3425 ecclesie

675 3475 980 3540 Andreas
1027 3435 1200 3539 fietti
1248 3473 1490 3560 Filippi
1539 3483 1602 3538 et
1894 3484 2117 3540 sancte
2163 3473 2485 3560 Reparate
2534 3474 2612 3538 de
2660 3473 3009 3558 Florentia,
3064 3475 3377 3542 facientes
3426 3501 3559 3542 om-

676 3592 1125 3657 Bartolomeus
1171 3590 1414 3674 Lorini,
1892 3591 2004 3655 nia
2073 3601 2137 3654 et
2204 3591 2461 3676 singula
2514 3590 2927 3688 infrascripta
2982 3593 3125 3658 uice
3181 3603 3245 3657 et
3297 3593 3559 3658 nomine

678 3708 834 3774 dicti
881 3708 1094 3795 operis
1143 3729 1290 3772 cum
1336 3707 1799 3794 protestatione
1845 3707 2163 3793 premissa
2192 3731 2307 3793 per
2335 3708 2514 3793 ipsos
2547 3718 2612 3773 et
2643 3708 2992 3794 quemlibet
3023 3709 3329 3796 ipsorum,
3364 3733 3559 3798 quam

662 3848 792 3911 ‚pro
841 3846 1150 3911 expressa
1213 3831 1279 3888 et
1331 3824 1607 3910 repetita
1657 3823 1884 3888 haberi
1944 3822 2286 3887 uoluerunt
2341 3825 2411 3888 in
2456 3825 2803 3911 principiO,
2875 3826 3087 3892 medio
3135 3837 3199 3891 et
3242 3828 3371 3891 fine
3417 3850 3559 3914 pre-

677 3942 880 4006 sentis
927 3940 1264 4005 locationis
1325 3949 1388 4004 et
1442 3940 1512 4004 in
1567 3939 1855 4025 qualibet
1913 3940 2052 4006 eius
2111 3950 2319 4026 parte,
2394 3941 2565 4027 quod
2611 3964 2726 4027 pro
2776 3965 2879 4026 ea,
2932 3965 3057 4028 que
3102 3943 3274 4008 infra
3316 3943 3561 4009 faciant

677 4081 792 4122 seu
837 4056 1049 4122 facere
1095 4055 1454 4137 intendant,
1527 4079 1660 4121 non
1727 4055 2075 4120 intendunt
2134 4080 2202 4121 se
2249 4056 2356 4121 uel
2401 4080 2622 4122 eorum
2670 4081 2784 4124 seu
2831 4059 3103 4125 alicuius
3152 4083 3372 4125 eorum
3418 4082 3561 4146 per-

677 4197 890 4257 sonaS,
941 4172 1211 4238 heredes
1257 4171 1364 4237 uel
1407 4173 1583 4238 bona
1629 4172 1994 4258 aliqualiter
2043 4173 2332 4258 obligare
2379 4196 2499 4238 nec
2545 4174 2855 4260 obligant,
2908 4174 3023 4239 sed
3063 4175 3273 4240 solum
3304 4185 3369 4240 et
3400 4176 3559 4241 dun-

673 4299 858 4354 taxat
901 4290 1077 4354 bona
1121 4288 1279 4353 dicti
1324 4289 1538 4374 operis
1585 4299 1649 4353 et
1696 4288 1940 4353 dictum
1986 4312 2167 4376 opus,
2230 4290 2411 4355 cuius
2468 4313 2571 4354 res
2618 4301 2683 4354 et
2730 4313 2924 4356 causa
2970 4292 3199 4378 agitur,
3272 4301 3337 4356 et
3382 4293 3559 4356 omni

676 4407 801 4490 uia,
850 4406 990 4471 iure
1037 4414 1103 4469 et
1147 4404 1359 4489 mod0,
1417 4427 1542 4490 quo
1602 4414 1668 4469 et
1724 4406 1956 4490 quibus
2013 4407 2221 4491 magis
2270 4417 2334 4470 et
2381 4407 2609 4471 melius
2659 4418 3021 4493 potuerunt,
3070 4407 3449 4473 locauerunt
3495 4417 3563 4472 et

677 4531 1135 4586 concesserunt

817 4633 1059 4702 Chiaro
1108 4635 1264 4701 olim
1307 4635 1673 4720 MichaeliS,
1725 4637 1943 4724 populi
1990 4639 2198 4703 sancti
2248 4689 2574 4705 .......
2621 4634 2917 4723 (Lficke),

815 4751 1108 4817 Antonio
1155 4751 1373 4836 Pucci,
1432 4749 1652 4839 populi
1703 4753 1912 4818 sancti
1955 4752 2297 4820 Michaelis
2342 4754 2917 4820 Vicedominorum
2964 4755 3042 4819 de
3088 4755 3437 4842 Florentia,
3494 4765 3561 4822 et

806 4869 1092 4934 Martino
1141 4868 1297 4934 olim
1341 4868 1684 4954 Johannis,
1735 4869 1956 4956 populi
2004 4871 2212 4936 sancti
2257 4870 2595 4936 Laurentii
2644 4871 2722 4935 de
2770 4870 3119 4954 Florentia,

676 4986 976 5050 omnibus
1023 4985 1350 5071 magistris
1399 4986 1689 5072 lapidum
1736 4996 1800 5050 et
1845 4987 2293 5073 lignaminum,
2343 4988 2752 5074 presentibus
2800 4997 2865 5052 et
2898 4988 3407 5055 conducentibus
3438 5011 3555 5074 pro

677 5125 746 5167 se
792 5102 952 5189 ipsis
1002 5111 1067 5166 et
1113 5124 1334 5166 eorum
1393 5113 1457 5168 et
1513 5103 1859 5168 cuiuslibet
1917 5104 2207 5189 ipsorum
2265 5103 2610 5169 heredibus
2658 5104 2739 5168 ad
2787 5103 3215 5170 laborandum
3259 5115 3324 5170 et
3368 5104 3557 5191 perfi-

676 5227 1081 5234 -—-——.——-.

855 5269 896 5336 ¹)
936 5227 1102 5320 'wohl
1137 5266 1255 5320 eine
1292 5265 1648 5321 Privatarbeit
1685 5267 1783 5320 des
1819 5267 2089 5335 Meister5‚
2128 5268 2307 5322 weder
2341 5267 2427 5321 fiir
2464 5267 2569 5322 den
2606 5267 2767 5338 Dom,
2806 5267 2949 5323 noch
2984 5268 3071 5322 ffu-
3108 5266 3195 5321 die
3232 5267 3456 5341 Loggia.
