4009 5859
1803 383 1932 450 273

422 565 658 631 salario
703 566 1094 631 florenorum
1141 587 1258 630 sex
1307 563 1445 627 auri
1493 573 1558 626 et
1603 562 1872 626 dimidio
1919 584 2036 648 pro
2086 584 2307 627 mense
2356 601 2437 610 -—
2486 584 2602 648 pro
2650 563 2786 628 eius
2823 563 3055 629 salario
3090 564 3301 629 ultimi

423 682 664 747 mensis
713 681 868 746 dicti
917 682 1088 764 anni,
1139 679 1378 745 initiati
1426 678 1530 742 die
1565 677 1774 763 primo
1798 677 1844 741 J
1847 678 2119 761 anuarii,
2169 677 2462 763 proxime
2508 679 2816 764 preteriti,
2868 703 2994 766 quo
3034 681 3305 745 seruiuit

425 796 596 861 dicto
645 797 842 882 operi,
894 805 958 861 et
1003 818 1118 882 pro
1167 796 1304 861 eius
1353 795 1590 861 salario
1642 795 1912 861 duorum
1960 793 2298 878 mensium,
2348 794 2752 880 inceptorum
2799 796 2903 860 die
2944 798 3151 885 primo
3184 797 3302 864 Fe-

424 913 701 996 bruarii,
773 914 1066 998 proxime
1134 913 1454 999 preteriti,
1528 912 1764 996 quibus
1813 911 2085 977 seruiuit
2132 918 2196 974 et
2242 911 2487 976 seruire
2535 911 2729 976 debet
2776 913 2947 978 dicto
2997 914 3175 1000 operi
3224 914 3306 978 ad

426 1029 744 1092 rationem
790 1028 1164 1115 predictam,
1215 1029 1284 1092 in
1331 1051 1584 1093 summa
1629 1051 1744 1114 pro
1794 1028 1985 1092 dietis
2034 1027 2241 1092 tribus
2291 1028 2623 1094 mensibus
2670 1029 2949 1095 florenos
2989 1030 3211 1096 decem
3243 1040 3308 1096 et

428 1167 660 1210 nouem
709 1152 774 1209 et
817 1145 1053 1210 libram
1101 1167 1298 1209 unam
1343 1153 1408 1210 et
1453 1144 1696 1210 solidos
1743 1143 1907 1210 XVI
1955 1143 1997 1208 f.
2033 1167 2095 1230 p.

655 1301 739 1309 —
787 1259 1086 1347 Operarii
1142 1257 1226 1345 (a.
1263 1285 1319 1326 a.
1355 1259 1434 1326 O.
1482 1283 1544 1346 p.
1580 1255 1699 1344 9a)
1747 1301 1830 1310 —
1881 1260 2224 1345 eligerunt,
2286 1260 2785 1326 nominauerunt
2845 1271 2908 1328 et
2965 1261 3307 1349 deputaue-

429 1385 582 1441 runt
624 1375 1047 1442 Laurentium
1080 1377 1341 1464 Filippi‚
1393 1377 1792 1462 magistrum,
1842 1377 1912 1440 in
1959 1376 2537 1462 caputmagistrum
2584 1385 2649 1440 et
2694 1377 3093 1463 prouisorem
3137 1381 3309 1446 lodie

431 1493 644 1578 platee
699 1492 1105 1559 dominorum
1159 1494 1445 1580 priorum
1499 1494 1734 1558 artium
1793 1502 1858 1565 et
1915 1492 2261 1557 uexilliferi
2318 1492 2565 1556 iustitie
2622 1517 2737 1580 pro
2787 1504 3071 1583 tempore
3118 1498 3309 1564 unius

434 1609 616 1693 anni,
677 1611 969 1696 proxime
1013 1609 1210 1674 futuri
1223 1662 1239 1695 ,
1290 1609 1594 1674 initiandi
1643 1609 1748 1674 die
1794 1609 2000 1695 primo
2048 1608 2329 1694 Aprilis,
2380 1609 2672 1694 proxime
2721 1613 3003 1697 uenturi,
3055 1621 3120 1678 et
3167 1637 3313 1680 cum

434 1723 610 1788 balia
655 1735 720 1789 et
766 1725 966 1790 offitio
1015 1726 1340 1791 consuetis
1390 1736 1454 1790 et
1499 1748 1646 1790 cum
1693 1725 1928 1790 salario
1975 1725 2363 1789 florenorum
2411 1721 2531 1810 6¹l²
2578 1728 2717 1791 auri
2759 1750 2874 1813 pro
2908 1751 3127 1795 mense
3160 1753 3313 1816 quo-

433 1839 595 1904 libet
651 1840 808 1906 dicti
863 1841 1198 1929 temporis,
1261 1841 1706 1929 prouidenteS,
1769 1841 2145 1906 ordinantes
2205 1851 2269 1907 et
2317 1841 2748 1908 deliberantes
2797 1853 2861 1908 et
2906 1847 3310 1931 stantiantes,

438 1956 612 2041 quod
679 1958 1068 2022 camerarius
1126 1957 1282 2022 dicti
1339 1959 1550 2045 operis
1601 1998 1684 2007 —
1734 1957 1885 2022 dare
1945 1967 2010 2022 et
2056 1958 2307 2023 soluere
2353 1961 2563 2044 possit
2610 2000 2693 2008 -
2740 1957 3155 2047 (supradictis
3201 1963 3313 2028 Jo-

437 2071 638 2136 hanni
684 2072 883 2157 Fetti,
954 2073 1245 2154 Johanni
1292 2071 1634 2162 Stephani,
1695 2110 1779 2120 -—
1835 2069 1927 2158 et)
1973 2073 2326 2140 Laurentio
2387 2109 2471 2119 —-
2527 2075 2767 2140 salaria
2820 2078 3191 2163 supradicta
3239 2079 3317 2143 de

440 2210 663 2253 mense
709 2189 779 2253 in
823 2184 1192 2273 mensem¹).

666 2363 778 2431 64.
852 2369 978 2433 Die
1022 2375 1106 2433 28
1155 2369 1387 2433 Martii
1429 2365 1514 2452 (a.
1549 2392 1605 2433 a.
1641 2367 1721 2434 O.
1771 2391 1831 2454 p.
1871 2362 2051 2451 loa).

668 2497 1036 2588 Supradicti
1084 2501 1384 2589 Operarii
1455 2538 1538 2547 —
1609 2503 1955 2588 eligerunt,
2028 2503 2527 2567 nominauerunt
2584 2512 2649 2567 et
2705 2504 3173 2591 deputauerunt
3219 2532 3323 2574 ser

447 2615 721 2683 Romam
749 2618 1000 2684 Bartoli
1047 2619 1126 2684 de
1158 2615 1539 2704 Sommaria,
1590 2620 1933 2703 notarium,
1983 2619 2052 2683 in
2097 2619 2517 2705 prouisorem,
2568 2619 3027 2687 solicitatorem
3074 2632 3139 2688 et
3169 2625 3323 2688 scri-

445 2734 688 2798 banum
757 2736 968 2820 operis
1008 2745 1102 2800 'et
1158 2736 1653 2801 constructionis
1713 2736 1986 2801 ecclesie
2036 2745 2257 2801 sancte
2304 2735 2624 2822 Reparate
2670 2735 2957 2822 predicte
3003 2760 3119 2825 pro
3166 2751 3323 2806 tem-

448 2873 601 2936 pore
646 2859 712 2915 et
755 2853 1030 2916 termino
1077 2875 1194 2918 sex
1236 2854 1576 2936 mensium,
1626 2851 2143 2938 incipiendorum
2189 2852 2292 2917 die
2339 2851 2547 2937 primo
2582 2853 2825 2917 mensis
2858 2853 3129 2939 Aprilis,
3180 2879 3323 2941 pro-

449 2965 623 3029 xime
670 2968 943 3052 uenturi,
995 2989 1141 3033 cum
1189 2969 1423 3034 salario
1470 2969 1858 3034 florenorum
1905 2990 2023 3033 sex
2070 2969 2207 3033 auri
2253 2991 2369 3054 pro
2418 2968 2708 3053 quolibet
2753 2991 2993 3035 mense.

674 3152 788 3219 65.
861 3156 990 3220 Die
1034 3169 1204 3222 sexto
1252 3159 1487 3222 decimo
1534 3158 1763 3221 mensis
1809 3155 1998 3221 Juniz·
2042 3151 2127 3238 (a.
2164 3179 2220 3220 a.
2257 3152 2338 3219 Ο.
2386 3177 2447 3240 p.
2486 3149 2675 3238 19b).

672 3288 1025 3354 Laurentio
1080 3289 1347 3378 Filippi‚
1430 3291 1932 3377 caputmagistro
2001 3288 2173 3354 lodie
2234 3287 2638 3353 dominorum
2698 3288 3011 3374 priorum,
3074 3326 3155 3336 -—-
3212 3315 3328 3378 pro

456 3408 593 3472 eius
640 3405 872 3472 salario
918 3407 1160 3473 mensis
1190 3407 1440 3494 Aprilis
1475 3416 1540 3472 et
1560 3407 1735 3492 May,
1785 3407 2079 3492 proxime
2112 3404 2583 3491 preteritorum,
2624 3439 2704 3448 --
2737 3403 3015 3472 florenos
3055 3409 3134 3473 13
3168 3409 3326 3475 auri.

682 3596 801 3661 66.
872 3598 1002 3662 Die
1045 3600 1348 3684 uiqeeimo
1396 3610 1565 3662 sexto
1612 3599 1842 3661 mensis
1887 3595 2081 3660 Junii
2122 3591 2207 3678 (a.
2243 3618 2299 3660 a.
2335 3592 2414 3659 Ο.
2464 3616 2525 3680 p.
2561 3590 2746 3676 211⁸).

681 3730 1034 3798 Laurentio
1079 3731 1388 3818 Philippi,
1439 3731 1944 3817 caputmagistro
2002 3727 2175 3793 lodie
2224 3727 2630 3791 dominorum
2652 3727 2981 3813 priorum,
3031 3752 3147 3814 pro
3196 3728 3333 3794 eius

462 3847 696 3912 salario
742 3849 1063 3933 presentis
1108 3847 1353 3913 mensis
1399 3847 1446 3911 J
1451 3845 1603 3931 unii,
1655 3846 1738 3911 ad
1783 3845 2102 3910 rationem
2146 3844 2533 3909 florenorum
2583 3867 2699 3909 sex
2746 3866 2891 3908 cum
2939 3843 3207 3909 dimidio
3251 3879 3333 3890 ——

459 3965 532 4029 in
575 3987 829 4030 summa
871 3965 1149 4030 florenos
1197 3965 1238 4029 6
1285 3964 1425 4028 auri
1473 3973 1537 4028 et
1580 3962 1817 4027 libram
1862 3983 2075 4044 unam,
2128 3959 2369 4025 solidos
2415 3957 2599 4042 XVI,
2650 3958 2947 4024 denarios
2996 3961 3037 4025 6
3082 3960 3128 4024 f.
3162 3983 3221 4046 p.

686 4150 796 4220 67.
867 4155 998 4219 Die
1044 4160 1126 4216 19
1175 4155 1406 4218 mensis
1448 4153 1686 4239 Aqusti
1726 4147 1812 4234 (a.
1852 4173 1908 4216 a.
1944 4147 2023 4214 Ο.
2059 4148 2209 4212 filza
2243 4149 2324 4213 16
2371 4169 2432 4233 p.
2469 4141 2613 4228 7b).

684 4288 1022 4353 Antedicti
1093 4286 1370 4374 operarii
1431 4321 1513 4330 --
1575 4284 1657 4349 ad
1702 4284 1844 4368 hoc,
1917 4291 1988 4346 ut
2039 4281 2363 4346 laboreria
2406 4289 2542 4344 tam
2589 4279 2801 4365 operis
2851 4278 3019 4342 dicte
3068 4278 3339 4344 ecclesie

467 4415 688 4469 sancte
728 4403 1067 4490 Reparate,
1119 4426 1314 4489 quam
1361 4402 1556 4466 etiam
1601 4400 1813 4485 operis
1859 4399 2074 4484 loggie
2123 4397 2415 4462 comunis
2447 4394 2775 4460 Florentie
2820 4395 2943 4458 rite
2989 4393 3342 4480 procedant

468 4531 532 4586 et
578 4520 954 4606 diligentius
1000 4521 1439 4604 gubernentur
1485 4529 1550 4582 et
1595 4539 1710 4602 pro
1757 4515 2037 4580 utilitate
2084 4523 2147 4579 et
2193 4512 2529 4577 commodo
2578 4510 2735 4574 dicti
2768 4510 2999 4595 operis,
3049 4509 3341 4595 prouide-

467 4646 646 4720 runt,
699 4635 1185 4718 ordinauerunt,
1238 4634 1760 4700 deliberauerunt
1806 4641 1869 4696 et
1916 4631 2370 4712 decreuerunt,
2422 4627 2596 4714 quod
2640 4626 3032 4692 Laurentius
3078 4625 3340 4713 Filippi‚

471 4750 1006 4838 capudmagister,
1057 4750 1140 4816 ad
1187 4773 1348 4837 opus
1393 4749 1608 4834 loggie
1656 4748 1946 4813 comunis
1994 4768 2111 4832 pro
2160 4744 2333 4808 dicto
2380 4765 2571 4828 opere
2621 4741 2980 4828 deputatae,
3032 4743 3118 4806 sit
3150 4743 3346 4806 etiam

474 4875 538 4931 et
605 4889 747 4931 esse
815 4864 1215 4949 intelligatur
1285 4864 1363 4929 de
1424 4875 1637 4930 cetero
1686 4861 2205 4949 eapudmagister
2252 4859 2448 4924 etiam
2494 4859 2562 4923 in
2610 4880 2801 4944 opere
2848 4867 2912 4923 et
2957 4857 3041 4923 ad
3086 4879 3349 4944 operam

476 4983 646 5046 dicte
693 4981 964 5047 ecclesie
1011 4989 1231 5047 sancte
1278 4979 1602 5067 Reparate
1649 4989 1715 5044 et
1757 4979 2000 5044 fabrice
2048 4976 2282 5063 ipsius3
2342 4982 2407 5039 et
2452 4973 2750 5038 s'imiliter
2797 4972 2969 5058 quod
3012 4971 3347 5037 Johannes

657 5227 699 5294 ¹)
737 5225 814 5278 Zu
851 5222 1086 5295 gleicher
1121 5223 1239 5276 Zeit
1271 5223 1404 5276 sand
1439 5220 1673 5275 namlich
1709 5220 1798 5275 die
1834 5218 2201 5275 Wiederwahl
2241 5217 2338 5272 der
2372 5217 2505 5272 zwei
2538 5215 3017 5271 Dombaumeister
3053 5220 3198 5269 sta-tt.

585 5315 758 5366 Frey‚
788 5315 858 5354 die
888 5314 1059 5362 boggis
1086 5313 1157 5352 del
1186 5311 1382 5362 signori.
2860 5306 2929 5358 35
