4009 5859
1783 397 1910 460 237

407 581 472 637 et
541 581 742 636 totam
811 572 990 636 illam
1061 573 1508 638 auctoritatem
1563 582 1628 636 et
1681 572 1950 656 baliam,
2015 571 2091 616 —-'-
2155 593 2349 657 quam
2406 591 2597 655 super
2658 569 3168 634 indennitatibus
3226 577 3291 632 et

406 686 964 752 emendationibus
979 735 998 766 ‚
1070 686 1302 752 fiendis
1361 688 1851 773 quibuscunque
1921 686 2348 769 dannificatis,
2403 725 2483 733 —-
2532 684 2897 749 habuerunt
2958 720 3035 728 -—
3099 705 3291 769 super

407 803 730 868 similibus
791 803 1002 868 causis
1053 803 1348 868 consules
1398 802 1568 867 dicte
1625 804 1804 868 artis.
1857 837 1938 846 —-
1986 803 2175 867 Bona
2220 823 2371 866 uero
2423 841 2505 849 —
2555 810 2731 865 sunt:
2793 799 2953 864 Tres
3002 809 3285 884 apotece,

409 920 618 1005 posite
664 918 995 984 Florentie
1042 919 1110 983 in
1158 919 1394 1005 populo
1444 929 1665 985 sancte
1714 916 1984 1002 Cecilie,
2047 940 2192 1008 cum
2238 927 2522 999 terreno,
2571 915 2821 1002 palchis
2871 925 2934 980 et
2978 915 3180 980 muris
3229 924 3293 978 et
3332 991 3341 998 ,

408 1035 615 1118 tectis,
668 1035 902 1119 quibus
951 1035 1251 1099 omnibus
1301 1057 1339 1098 a
1367 1029 1432 1117 1)
1480 1035 1603 1117 uia,
1655 1030 1786 1116 a2)
1839 1035 1960 1112 uia,
2014 1058 2053 1098 a
2084 1035 2153 1110 3)
2201 1034 2517 1098 dictorum
2551 1032 2961 1119 pupillorum,
3011 1026 3143 1113 a4)
3182 1030 3290 1095 do-

411 1151 584 1214 mine
633 1148 898 1232 Jacobe,
953 1150 1170 1214 uxoris
1219 1145 1503 1230 Siluani3
1555 1149 1634 1214 de
1681 1150 1915 1235 quibus
1963 1150 2248 1236 apotecis
2297 1149 2698 1235 recipiebant
2742 1170 2857 1233 pro
2908 1157 2971 1212 et
3018 1147 3096 1211 de
3140 1169 3290 1232 pen-

411 1266 594 1330 sione
642 1266 930 1351 quolibet
976 1288 1146 1330 anno
1194 1266 1472 1330 florenos
1522 1266 1609 1329 48
1657 1266 1818 1330 auri.

634 1377 991 1464 1387(88),
1048 1383 1150 1445 die
1193 1381 1521 1446 XXVIII
1551 1381 1894 1445 Februarii
1938 1375 2185 1465 (Opera
2234 1379 2337 1444 del
2383 1379 2638 1446 Duomo
2684 1378 2834 1442 filza
2879 1380 2965 1444 25
3014 1401 3073 1464 p.
3114 1373 3291 1459 14a).

631 1493 770 1562 Ser
822 1497 1124 1582 Angelo
1184 1494 1628 1580 Contracci‚
1703 1496 1976 1561 rettori
2050 1495 2381 1559 ecclesie
2452 1503 2717 1558 sancte
2778 1491 3101 1576 Cecilie,
3177 1516 3292 1579 pro

407 1613 718 1700 pensione
768 1637 882 1678 sex
930 1613 1266 1696 mensium,
1318 1613 1718 1677 initiatorum
1768 1610 1870 1676 die
1920 1611 2004 1675 22
2048 1611 2290 1676 mensis
2338 1611 2594 1696 Agusti,
2645 1610 2937 1696 proxime
2984 1610 3291 1696 preteriti,

407 1729 492 1793 ad
523 1729 839 1794 rationem
885 1729 1272 1793 florenorum
1324 1729 1450 1793 105
1484 1728 1643 1810 auri,
1695 1728 2047 1809 annuatim,
2102 1735 2170 1790 ut
2220 1735 2472 1791 constat
2518 1726 2586 1790 in
2632 1726 2797 1790 libro
2846 1725 3055 1811 platee
3098 1748 3149 1789 c.
3187 1726 3290 1808 79,

409 1846 477 1909 in
525 1867 778 1910 summa
822 1846 1098 1910 florenos
1145 1845 1283 1908 auri
1333 1845 1438 1928 52,
1488 1844 1722 1908 libram
1772 1845 1828 1926 l,
1881 1841 2123 1908 solidos
2176 1843 2253 1907 17
2306 1851 2371 1906 et
2417 1841 2716 1906 denarios
2765 1843 2805 1906 6
2852 1840 2895 1905 f.
2930 1864 2991 1928 p.
3011 1837 3057 1925 ¹)

631 1959 821 2025 Anno
880 1959 1240 2044 1387(88),
1313 1961 1416 2023 die
1473 1959 1664 2024 XIII
1703 1959 1935 2022 Martii
1989 1953 2075 2040 (a.
2112 1981 2167 2022 a.
2204 1957 2282 2022 Ο.
2342 1957 2493 2022 filza
2538 1959 2623 2023 25
2674 1979 2733 2042 p.
2787 1953 2971 2038 18b).

630 2076 957 2140 Domino
990 2074 1406 2140 Beneditto
1439 2073 1807 2154 Neroccii
1853 2073 1940 2137 de
1973 2073 2327 2139 Albertis
2374 2095 2489 2159 pro
2538 2081 2717 2158 parte
2765 2071 3105 2136 solutionis
3140 2094 3290 2157 qua-

410 2191 682 2256 rundam
729 2191 866 2256 eius
919 2191 1270 2273 domorum,
1324 2190 1794 2254 destructarum
1839 2211 1953 2275 pro
2003 2188 2373 2274 ampliando
2420 2188 2700 2274 plateam
2750 2186 3174 2271 dominorum,
3226 2196 3295 2251 ut

411 2316 663 2372 constat
709 2307 775 2370 in
823 2307 988 2372 libro
1035 2305 1245 2394 platee
1293 2328 1346 2371 c.
1383 2307 1487 2389 65,
1536 2305 1607 2370 in
1654 2327 1906 2369 summa
1950 2304 2229 2369 florenos
2280 2305 2419 2368 auri
2466 2305 2871 2390 quingentos

631 2422 918 2488 Maffeo
967 2421 1292 2487 Tedaldi
1338 2444 1454 2507 pro
1503 2430 1684 2508 parte
1726 2421 2067 2486 solutionis
2102 2420 2452 2504 domorum,
2498 2421 2623 2486 sibi
2667 2420 3136 2485 destructarum
3178 2443 3293 2507 pro

412 2539 780 2626 ampliando
828 2539 1108 2624 plateam
1156 2538 1580 2621 dominorum,
1633 2577 1714 2586 —
1763 2537 2041 2602 florenos
2090 2537 2230 2601 auri
2275 2538 2429 2602 450.

632 2656 763 2720 Die
807 2654 942 2719 XX
963 2654 1137 2720 VIII
1172 2654 1426 2739 Aprilis
1473 2648 1558 2736 (a.
1609 2677 1664 2717 a.
1717 2649 1794 2717 Ο.
1845 2676 1906 2739 p.
1955 2648 2147 2736 255).

632 2769 1075 2834 Heredibus
1125 2768 1414 2834 domini
1461 2769 1867 2833 Beneditti
1913 2769 2273 2849 Neroccii
2323 2768 2413 2833 de
2456 2769 2813 2834 Albertis
2862 2766 3027 2850 (also
3075 2769 3294 2833 inzwi-

414 2885 614 2951 schen
685 2885 855 2951 wohl
923 2886 1313 2971 gestorben?
1384 2885 1495 2950 cfr.
1547 2886 1702 2950 aber
1761 2885 1888 2949 den
1945 2885 2006 2950 2.
2043 2882 2221 2970 Sept.
2275 2880 2475 2967 1388)
2544 2906 2657 2970 pro
2716 2896 2897 2970 parte
2954 2884 3294 2949 solutionis

416 3001 749 3067 domorum
825 3025 1114 3086 suarum,
1197 3002 1668 3068 destructarum
1743 3025 1858 3088 pro
1937 3001 2306 3087 ampliando
2375 3002 2656 3088 plateam
2726 3001 3156 3084 dominorum,
3211 3035 3292 3044 —

411 3119 690 3182 florenos
739 3115 914 3185 CCC
963 3119 1120 3182 auri.

637 3234 874 3300 Maffeo
909 3233 1181 3300 Tedaldi
1229 3258 1343 3321 pro
1392 3244 1572 3321 parte
1621 3233 1959 3300 solutionis
2009 3234 2343 3299 domorum
2376 3256 2640 3298 suarum
2672 3234 3141 3298 destructarum
3171 3243 3291 3297 cet.

419 3385 501 3394 —
551 3350 830 3414 florenos
879 3346 1053 3416 CCC
1100 3351 1258 3415 auri.

635 3467 780 3532 Die·
812 3466 995 3530 XXI
1033 3468 1188 3553 May
1236 3463 1321 3550 (a.
1357 3490 1414 3531 a.
1451 3464 1529 3532 Ο.
1580 3489 1641 3554 p.
1676 3467 1760 3532 28
1777 3466 1860 3530 al.

637 3581 874 3647 Maffeo
923 3581 1194 3648 Tedaldi
1250 3605 1365 3668 pro
1390 3665 1394 3670 .
1421 3593 1594 3647 resto
1652 3592 1715 3646 et
1761 3583 2015 3668 integra
2060 3581 2379 3646 solutione
2426 3581 2563 3646 eius
2611 3581 2963 3664 domorum,
3014 3580 3295 3645 destruc·
3348 3653 3355 3662 ‚

421 3711 626 3762 tarum
672 3722 788 3786 pro
837 3699 1206 3788 ampliando
1255 3709 1398 3783 cet.,
1442 3699 1720 3764 florenos
1771 3696 1825 3765 C
1873 3699 2031 3763 auri.

636 3816 768 3880 Die
811 3816 878 3879 X
923 3815 1116 3880 Junii
1158 3812 1243 3898 (a.
1295 3839 1352 3880 a.
1405 3813 1484 3880 Ο.
1535 3839 1595 3902 p.
1648 3810 1837 3898 345).

638 3931 1010 3997 Heredibus
1071 3932 1315 3997 domini
1364 3931 1690 3996 Beneditti
1739 3931 2035 4012 Neroccii
2098 3929 2177 3994 de
2222 3930 2517 3994 Albertis
2566 3954 2679 4016 pro
2726 3940 2907 4016 parte
2955 3928 3297 3994 solutionis

419 4047 820 4132 quarundam
868 4048 1201 4113 domorum
1252 4048 1721 4112 destructarum
1769 4057 1886 4111 cet.
1938 4047 2215 4111 florenos
2264 4046 2399 4110 200
2446 4046 2603 4111 auri.

640 4164 770 4228 Die
817 4172 858 4227 5
905 4165 1184 4250 Anqusti
1227 4162 1404 4248 (filza
1450 4166 1535 4229 26
1582 4186 1643 4249 p.
1680 4158 1817 4242 6a).

637 4279 960 4344 Domine
1006 4278 1597 4362 Jacobe,'uxori
1639 4276 2016 4344 Siluestri
2056 4278 2479 4362 Bartolini,
2531 4278 2827 4361 lanificis,
2878 4299 2991 4362 pro
3039 4277 3295 4342 residuo

421 4405 485 4458 et
530 4395 782 4480 integra
827 4395 1145 4460 solutione
1193 4418 1454 4460 suarum
1501 4394 1853 4479 domorum,
1904 4395 2375 4459 destructarum
2418 4418 2533 4481 pro
2581 4393 2947 4480 ampliando
2994 4394 3292 4480 plateam,

422 4521 544 4576 cet.
594 4511 870 4575 florenos
925 4512 1070 4594 102,
1120 4511 1363 4575 solidos
1412 4511 1451 4576 3
1500 4520 1564 4575 et
1610 4511 1908 4576 denarios
1956 4512 1996 4576 6
2044 4510 2086 4575 f.
2136 4534 2197 4596 p.

645 4625 933 4691 Tedaldo
1003 4636 1067 4692 et
1121 4626 1481 4709 BernardO,
1555 4627 1845 4714 pupillis,
1913 4627 2220 4692 fratribus
2292 4636 2357 4691 et
2412 4625 2566 4691 filiis
2625 4625 2782 4690 olim
2828 4635 2893 4689 et
2948 4622 3295 4690 heredibus

424 4741 666 4806 Bartoli
704 4741 996 4829 Tedaldi,
1031 4766 1145 4829 pro
1178 4743 1428 4829 integra
1461 4744 1779 4810 solutione
1827 4767 2049 4808 eorum
2095 4742 2446 4826 domorum,
2499 4742 2965 4807 destructarum
3011 4763 3126 4826 pro
3167 4763 3296 4804 am-

423 4857 683 4941 pliando
731 4858 1029 4944 plateam,
1081 4869 1199 4923 cet.
1249 4859 1526 4924 florenos
1573 4861 1707 4925 420
1753 4861 1908 4944 auri,
1961 4859 2204 4925 solidos
2252 4861 2313 4942 9,
2366 4858 2665 4923 denarios
2713 4860 2754 4923 6
2800 4857 2843 4922 f.
2878 4881 2938 4942 p.

605 5039 644 5106 ¹)
680 5038 785 5092 Die
811 5038 1120 5110 Zahlungen
1159 5057 1224 5093 an
1265 5039 1369 5094 den
1393 5039 1596 5094 Rector
1631 5059 1737 5094 von
1764 5041 1860 5096 Sta
1885 5040 2101 5110 Cecilia,
2141 5039 2303 5094 sowie
2341 5057 2407 5092 an
2451 5038 2539 5091 die
2575 5037 2905 5108 ehemaligen
2930 5037 3175 5090 Besitzer
3200 5035 3299 5089 der

425 5129 720 5180 zerstorten
755 5127 967 5181 Hauser
1013 5127 1184 5199 gehen
1233 5128 1352 5182 eine
1389 5127 1558 5181 Reihe
1610 5147 1716 5182 von
1755 5129 1958 5183 Jahren
2013 5129 2143 5194 fort3
2188 5127 2276 5181 ich
2323 5128 2466 5181 lasse
2504 5126 2582 5180 sie
2617 5144 2721 5179 nur
2756 5145 2821 5180 zu
2860 5125 3031 5178 einem
3068 5123 3297 5192 (freilich

428 5211 548 5266 dem
589 5217 856 5286 grossten)
896 5215 1084 5270 Theile
1119 5217 1176 5269 in
1213 5215 1391 5270 dieser
1425 5203 1718 5270 fJbersicht
1753 5217 1950 5289 folgen.
