4009 5859
1760 393 1952 487 “297

445 573 510 627 et
576 565 868 629 laborata
936 587 1139 650 usque
1209 565 1289 630 ad
1361 589 1473 652 per
1541 577 1744 632 totam
1815 568 1987 633 diem
2059 570 2604 655 quintadecimam
2670 575 2910 640 mensis
2968 574 3322 661 Februarii,

443 681 736 765 proxime
783 683 1056 766 uenturi,
1108 691 1226 748 cet.
1277 678 1380 767 (ut
1408 678 1630 769 supra)
1680 719 1762 728 -
1812 707 1926 770 pro
1975 685 2211 750 salario
2260 709 2373 772 pro
2422 688 2712 772 quolibet
2745 690 3049 756 bracchio
3083 692 3326 777 quadro

445 795 679 860 libram
725 820 921 862 unam
969 806 1034 862 et
1079 797 1322 863 solidos
1371 809 1684 883 quactuor
1728 799 1771 864 f.
1807 824 1868 887 p.
1920 809 2041 866 cet.
2090 797 2443 886 (Cornice).

671 984 790 1051 50.
863 987 994 1051 Die
1040 992 1347 1075 uiqeeimo
1398 1002 1626 1075 quarto
1673 989 1985 1055 Januarii
2030 986 2113 1075 (a.
2150 1015 2205 1056 a.
2242 988 2320 1056 Ο.
2356 1013 2417 1077 p.
2452 987 2595 1074 8b).

670 1119 898 1188 Pierus
933 1118 1304 1207 Cristofani,
1355 1123 1664 1208 magister
1711 1095 2056 1211 scharpelli
2106 1125 2185 1190 de
2216 1123 2270 1188 F
2275 1126 2491 1210 esulis,
2543 1149 2658 1192 suo
2692 1129 2949 1214 proprio
2983 1140 3046 1194 et
3075 1130 3326 1215 priuato

445 1239 705 1304 nomine
753 1248 818 1304 et
861 1241 1006 1304 uice
1053 1249 1118 1304 et
1162 1241 1421 1305 nomine
1467 1240 1784 1305 Mannelli
1831 1251 1896 1306 et
1924 1241 2247 1308 Johannis
2278 1241 2578 1326 Jachobi,
2631 1244 2826 1308 etiam
2871 1245 3328 1330 magistrorum

449 1355 810 1441 scharpelli,
858 1378 974 1442 pro
1023 1357 1257 1443 quibus
1304 1358 1602 1443 promisit
1649 1393 1732 1402 -—-
1782 1357 1972 1424 dic-tis
2012 1359 2323 1444 operariis
2375 1393 2458 1404 --
2506 1359 2658 1425 dare
2692 1371 2755 1425 et
2784 1360 2995 1426 facere
3045 1402 3128 1411 —-
3175 1362 3329 1426 hinc

449 1472 532 1537 ad
577 1495 692 1560 per
734 1481 940 1537 totum
987 1497 1274 1538 mensem
1322 1473 1686 1559 Februarii,
1737 1475 2030 1560 proxime
2075 1474 2301 1558 futuri,
2352 1475 2436 1540 ad
2482 1484 2547 1540 et
2591 1475 2773 1540 iuxta
2818 1499 2978 1563 opus
3024 1477 3193 1563 logie
3244 1513 3327 1524 —-

449 1590 747 1655 omnibus
818 1591 1105 1676 ipsorum
1173 1591 1536 1677 sumptibus
1609 1601 1672 1655 et
1729 1591 2031 1677 expensis
2090 1591 2395 1656 bracchia
2449 1593 2917 1678 quinquaginta
2962 1593 3330 1659 docciarum

448 1707 730 1791 macigni
776 1730 890 1793 pro
939 1706 1112 1772 dicta
1157 1707 1331 1793 logia
1377 1707 1460 1771 ad
1505 1707 1668 1773 illud
1716 1707 2099 1794 exemplare,
2151 1707 2322 1793 quod
2370 1717 2469 1772 est
2514 1708 2581 1772 in
2626 1708 2816 1794 logia,
2866 1710 3032 1774 bene
3080 1721 3144 1774 et
3187 1710 3327 1775 (1111-

449 1833 673 1909 genter
716 1823 1036 1906 laborata3
1090 1860 1172 1868 -—
1223 1835 1288 1888 et
1335 1824 1573 1890 debent
1617 1825 1904 1910 recipere
1952 1835 2016 1888 et
2060 1822 2299 1889 habere
2345 1846 2461 1910 pro
2511 1826 2799 1910 quolibet
2844 1827 3145 1892 bracchio
3193 1828 3329 1893 lon-

449 1940 762 2027 gitudinis
807 1942 1044 2007 libram
1088 1965 1282 2006 unam
1330 1951 1396 2006 et
1441 1941 1682 2006 solidos
1729 1951 2042 2027 quactuor
2085 1941 2128 2006 f.
2162 1963 2225 2028 p.
2278 1951 2397 2006 cet.

671 2057 839 2122 Item
888 2097 970 2106 ——
1019 2056 1248 2122 Pierus
1294 2056 1348 2120 F
1353 2058 1555 2123 oresis
1615 2066 1679 2121 et
1722 2057 2027 2122 Bartolus
2072 2056 2442 2140 Benedicti,
2506 2059 2799 2143 magistri
2858 2059 3202 2146 scharpelli
3252 2060 3331 2125 de

448 2173 503 2238 F
507 2174 732 2258 esulis,
805 2175 1239 2261 promiserunt
1309 2209 1392 2218 --
1465 2173 1654 2238 dictis
1726 2174 2038 2259 operariis
2098 2213 2179 2222 —
2238 2173 2390 2238 dare
2438 2183 2503 2238 et
2548 2174 2713 2239 ferre
2765 2209 2841 2220 -·-
2890 2174 3047 2240 hinc
3092 2175 3173 2240 ad
3220 2199 3335 2262 per

452 2301 654 2355 totum
702 2313 993 2357 mensem
1037 2291 1394 2374 Februarii,
1446 2291 1738 2376 proxime
1785 2291 2062 2372 uenturi,
2112 2289 2197 2355 ad
2243 2299 2308 2355 et
2350 2291 2533 2355 iuxta
2578 2313 2737 2376 opus
2784 2290 2953 2376 logie
3001 2327 3085 2335 —
3134 2293 3336 2357 omni-

449 2407 572 2472 bus
618 2408 907 2492 ipsorum
938 2409 1392 2492 magistrorum
1425 2407 1787 2492 sumptibus
1821 2415 1886 2470 et
1917 2407 2219 2492 expensis
2251 2406 2557 2470 bracchia
2588 2407 3057 2492 quinquaginta
3089 2405 3336 2472 doccia-

449 2547 593 2587 rum
653 2524 934 2608 macigni
995 2546 1108 2609 pro
1158 2523 1333 2588 dicta
1379 2523 1552 2608 logia
1599 2523 1682 2587 ad
1728 2522 1890 2587 illud
1939 2523 2332 2608 exemplare,
2402 2522 2575 2608 quod
2622 2533 2721 2588 est
2766 2523 2836 2587 in
2883 2524 3085 2608 logia3
3136 2559 3219 2568 -—
3269 2533 3335 2588 et

451 2639 690 2705 debent
757 2641 995 2706 habere
1065 2663 1180 2727 pro
1250 2640 1544 2726 quolibet
1610 2639 1914 2704 bracchio
1986 2639 2230 2725 quadro
2278 2638 2701 2724 longitudinis
2750 2640 2983 2704 libram
3030 2663 3223 2704 unam
3272 2649 3337 2704 et

450 2754 692 2822 solidos
739 2766 1050 2843 quactuor
1093 2756 1138 2823 f.
1173 2779 1234 2844 p.
1286 2767 1412 2822 cet.

671 2942 777 3009 51.
849 2945 981 3009 Die
1024 2919 1220 3010 XIII
1253 2950 1489 3011 mensis
1535 2945 1886 3011 Februarii
1926 2941 2012 3030 (a.
2048 2969 2104 3011 a.
2142 2943 2220 3010 O.
2256 2969 2317 3032 p.
2358 2939 2539 3027 lOb).

655 3078 1135 3152 ,Aldobrandus
1181 3080 1458 3146 Jachobi
1507 3091 1571 3144 et
1619 3079 1645 3256 ἲ
1691 3081 1983 3166 magistri
2033 3079 2375 3166 scharpelli
2425 3079 2503 3143 de
2548 3078 2906 3162 Florentia,
2970 3113 3054 3123 ——
3102 3080 3337 3166 promi-

677 3192 880 3262 Cinus
926 3195 1264 3281 Johannis,
1694 3205 1935 3279 serunt,
1989 3230 2072 3239 ——
2123 3195 2294 3280 quod
2338 3195 2467 3281 ipsi
2508 3195 2801 3278 magistri
2836 3229 2919 3237 ——-
2954 3194 3339 3259 laborabunt

455 3346 538 3356 -—
588 3313 1054 3399 quinquaginta
1111 3313 1417 3380 bracchia
1473 3312 1763 3399 lapidum
1817 3313 2201 3377 feminarum
2250 3334 2365 3397 pro
2410 3310 2583 3394 logia
2632 3350 2713 3358 -
2762 3310 2845 3374 ad
2890 3310 3051 3374 illud
3098 3309 3339 3375 model-

453 3428 588 3493 lum
635 3439 699 3492 et
743 3429 1089 3515 exemplar,
1142 3428 1314 3515 quod
1361 3438 1459 3495 est
1504 3428 1728 3514 illogia
1774 3424 1946 3513 (sic),
1999 3463 2083 3474 --
2132 3438 2196 3493 et
2244 3427 2395 3491 dare
2445 3427 2763 3514 completa
2810 3426 2983 3491 dicta
3027 3427 3337 3512 quinqua-

453 3546 635 3631 ginta
679 3546 984 3611 bracchia
1027 3545 1318 3632 lapidum
1368 3545 1520 3612 hinc
1567 3545 1648 3610 ad
1698 3568 1812 3631 per
1857 3554 2062 3609 totum
2094 3567 2385 3609 mensem
2414 3542 2657 3625 Martii,
2706 3543 3001 3628 proxime
3031 3542 3336 3607 futurum.

457 3698 540 3706 —
587 3663 676 3728 Et
730 3686 764 3728 e
822 3685 1131 3729 conuerso
1187 3661 1418 3749 prefati
1478 3662 1755 3749 operarii
1806 3697 1888 3706 ——
1936 3662 2371 3748 promiserunt
2418 3699 2501 3708 -
2552 3683 2620 3724 se
2677 3658 2938 3725 daturos
2988 3668 3053 3724 et
3098 3670 3340 3745 presta-

457 3791 632 3846 turos
682 3820 765 3828 —
813 3803 1036 3845 omnes
1085 3789 1149 3844 et
1194 3779 1484 3863 singulos
1533 3778 1800 3865 lapideS,
1852 3787 2030 3843 actos
2078 3777 2163 3844 ad
2201 3775 2643 3859 laborandum,
2696 3809 2781 3820 -
2828 3785 2893 3841 et
2924 3774 3175 3840 soluere
3218 3775 3339 3840 eis-

459 3897 606 3962 dem
651 3897 980 3983 magistris
1028 3919 1142 3983 pro
1189 3896 1478 3982 ipsorum
1525 3896 1760 3960 salario
1809 3904 1875 3960 et
1919 3894 2215 3960 mercede
2262 3893 2605 3959 cuiuslibet
2650 3891 2939 3958 bracchii
2986 3890 3216 3977 quadri
3254 3931 3337 3939 —

457 4013 690 4079 libram
737 4037 935 4078 unam
981 4023 1046 4079 et
1091 4013 1333 4079 solidos
1382 4022 1693 4098 quactuor
1741 4021 1862 4078 cet.

683 4200 793 4266 52.
873 4203 995 4266 Die
1039 4200 1179 4266 XV
1215 4203 1446 4265 mensis
1491 4201 1836 4266 Februarii
1877 4194 1964 4283 (a.
1999 4223 2057 4264 a.
2093 4195 2170 4263 O.
2207 4222 2267 4285 p.
2306 4192 2485 4281 lla).

684 4337 1058 4402 Antoninus
1116 4335 1451 4400 Francisci
1521 4345 1584 4400 et
1637 4334 2068 4399 Johannellus
2114 4331 2496 4414 Bonafedis,
2569 4328 2679 4414 qui
2746 4327 2993 4393 faciunt
3050 4326 3339 4391 cornices

462 4476 577 4540 pro
622 4453 813 4538 logia,
865 4487 946 4496 -—
996 4453 1198 4518 libras
1247 4453 1354 4517 30.

681 4569 977 4655 Angelus
1023 4569 1211 4653 Boni,
1264 4569 1379 4653 qui
1424 4567 1580 4632 facit
1626 4567 1914 4632 cornices
1960 4588 2077 4652 pro
2123 4565 2315 4650 logia,
2368 4603 2453 4612 —
2500 4562 2701 4628 libras
2749 4562 2855 4625 40.

682 4685 736 4750 F
740 4685 1116 4751 rancischus
1162 4685 1354 4771 Lapi,
1427 4683 1854 4770 legnaiuolus,
1929 4683 2041 4768 qui
2107 4681 2292 4746 fulcit
2350 4690 2590 4745 tectum
2659 4677 2829 4763 logie
2886 4675 2965 4740 de
3012 4673 3337 4740 assidibus

463 4802 772 4887 castagni,
825 4837 908 4848 —
957 4800 1156 4867 libras
1210 4803 1354 4867 100.

688 4915 892 4983 Cinus
938 4917 1278 5002 JohanniS,
1331 4917 1442 5003 qui
1487 4916 1642 4981 facit
1685 4915 1935 5002 lapides
1981 4915 2255 4980 feminas
2303 4937 2417 5001 pro
2465 4912 2655 4997 logia,
2707 4943 2791 4954 ——
2838 4908 3038 4974 libras
3090 4907 3193 4971 12.

688 5096 799 5164 53.
871 5099 1000 5164 Die
1045 5099 1110 5163 X
1134 5098 1344 5164 VIIII
1378 5098 1608 5160 menois
1654 5095 1997 5160 Februarii
2040 5089 2125 5178 (a.
2160 5116 2217 5158 a.
2253 5089 2331 5156 Ο.
2365 5113 2427 5177 p.
2466 5086 2651 5175 11b).

685 5233 986 5297 Julianus
1032 5231 1077 5296 J
1081 5231 1374 5314 ohannis,
1424 5228 1647 5316 populi
1696 5229 1902 5293 sancti
1951 5227 2128 5292 Petri
2171 5223 2477 5291 Celorum
2526 5223 2605 5288 de
2635 5221 2985 5304 Florentia,
3035 5219 3344 5304 magister

573 5336 734 5388 ειη,
766 5337 836 5376 dte
864 5337 1033 5384 haggia
1059 5336 1128 5375 dei
1157 5334 1348 5383 sigum-¹.
2815 5323 2885 5377 38
