4009 5859
2066 400 2345 495 266„-

687 574 1085 660 intendatur,
1160 585 1224 640 et
1291 557 1362 640 ut
1417 575 1615 640 etiam
1671 575 1844 640 circa
1886 577 2339 662 purgationem
2384 576 2597 663 platee
2645 577 3053 643 dominorum
3100 579 3385 665 priorum
3430 601 3570 665 pre-

689 692 1008 758 dictorum
1055 701 1120 757 et
1159 693 1352 757 etiam
1385 693 1637 757 uiarum
1669 693 1952 758 ciuitatis
1985 691 2379 776 Florentiae,
2432 716 2553 779 que
2586 693 2861 759 multum
2891 694 3324 781 negliguntur,
3373 695 3573 760 etiam

686 808 1095 894 procedatur,
1168 808 1414 875 domini
1483 809 1728 894 priores
1797 809 2033 873 artium
2090 817 2154 873 et
2208 808 2531 874 uexillifer
2584 809 2829 874 iustitie
2888 811 3109 896 populi
3168 821 3231 877 et
3277 812 3570 876 comunis
3641 821 3647 826 ”

688 925 741 989 F
745 925 1041 1008 lorentie,
1113 924 1338 990 habita
1406 960 1487 969 -
1560 949 1691 990 una
1745 947 1890 989 cum
1939 925 2142 990 offitio
2191 926 2779 1010 gonfaloneriorum
2826 927 3197 992 sotietatum
3242 927 3463 1014 populi
3510 936 3575 992 et

691 1063 839 1106 cum
885 1040 1087 1106 offitio
1140 1043 1220 1106 12
1267 1042 1584 1106 bonorum
1631 1041 1916 1106 uirorum
1963 1043 2257 1108 comunis
2296 1041 2351 1106 F
2353 1043 2623 1108 lorentie
2657 1041 3139 1127 deliberatione,
3190 1077 3277 1086 —-
3326 1044 3571 1109 delibe-

691 1168 1000 1224 rauerunt
1055 1159 1159 1224 die
1207 1169 1433 1246 quarto
1480 1159 1722 1224 mensis
1768 1158 1980 1243 «Iunii,
2038 1182 2210 1226 anno
2258 1158 2506 1225 domini
2558 1160 2757 1242 1377,
2816 1158 3171 1224 indictione
3222 1161 3330 1245 15,
3398 1160 3575 1247 quod

691 1274 1004 1340 Romolus
1044 1274 1341 1360 Bianchi,
1392 1276 1554 1340 ciuis
1586 1276 2021 1360 Florentinus,
2073 1277 2348 1361 eligatur
2394 1284 2460 1341 et
2505 1274 2847 1363 deputetur
2893 1286 2958 1341 et
3002 1299 3086 1342 ex
3124 1299 3297 1342 nunc
3329 1277 3572 1343 electus

694 1400 760 1456 et
807 1391 1147 1478 deputatus
1197 1415 1339 1458 esse
1385 1392 1786 1479 intelligatur
1832 1402 1898 1458 et
1945 1392 2031 1458 sit
2076 1416 2190 1480 pro
2238 1403 2524 1479 tempore
2572 1402 2635 1458 et
2682 1394 2957 1459 termino
3006 1394 3197 1460 unius
3244 1394 3425 1478 anni,
3476 1393 3573 1457 in-

696 1506 978 1594 cipiendi
1025 1532 1064 1573 a
1111 1508 1234 1592 die,
1284 1531 1411 1594 quo
1459 1531 1724 1596 presens
1772 1509 2059 1596 prouisio
2107 1510 2466 1597 approbata
2509 1509 2703 1576 fuerit
2748 1511 2817 1576 in
2865 1511 3136 1576 consilio
3185 1511 3430 1576 domini
3465 1533 3573 1597 po-

694 1624 948 1690 testatis
997 1634 1062 1688 et
1108 1625 1399 1691 comunis
1433 1625 1776 1709 Florentie,
1827 1627 1896 1690 in
1945 1626 2431 1692 sollicitatorem
2476 1627 2691 1712 loggie
2738 1626 3103 1712 supradicte
3144 1636 3209 1691 et
3238 1627 3573 1713 magistro·

695 1763 857 1823 rum,
908 1739 1304 1805 manualium
1351 1749 1416 1804 et
1462 1742 1900 1827 operariorum
1947 1741 2119 1807 dicte
2164 1743 2376 1828 loggie
2417 1765 2563 1806 cum
2596 1743 2849 1826 salario,
2899 1767 3013 1830 per
3044 1743 3371 1829 operarios
3406 1742 3575 1808 dicte

695 1855 909 1940 loggie
957 1855 1317 1922 ordinando
1365 1865 1428 1921 et
1472 1881 1603 1922 non
1652 1856 2025 1925 excedendo
2072 1858 2272 1924 libras
2317 1860 2401 1925 10
2430 1858 2472 1924 f.
2507 1881 2568 1944 p.
2619 1882 2734 1945 pro
2781 1881 3005 1924 mense
3054 1859 3341 1945 quolibet
3385 1849 3447 1922 et
3494 1859 3577 1923 ad

695 1970 1016 2036 rationem
1084 1973 1358 2055 mensis3
1432 1973 1606 2059 quod
1674 1974 1982 2040 salarium
2039 1975 2375 2040 camerarii
2431 1974 2749 2039 dictorum
2796 1975 3233 2062 operariorum
3280 1997 3395 2039 seu
3440 1974 3575 2039 offi-

697 2087 949 2151 tialium
1008 2086 1176 2152 dicte
1233 2089 1446 2174 loggie
1517 2124 1600 2134 —
1671 2091 1922 2156 soluere
1979 2099 2349 2176 teneantur3
2422 2100 2487 2155 et
2553 2091 2724 2177 quod
2782 2090 2978 2156 etiam
3038 2091 3177 2176 ipse
3240 2088 3573 2174 RomoluS,

701 2203 972 2268 durante
1021 2203 1192 2268 dicto
1240 2227 1356 2269 suo
1405 2204 1627 2290 offitio,
1677 2207 2075 2292 intelligatur
2119 2207 2357 2272 habere
2406 2218 2470 2272 et
2514 2207 2751 2272 habeat
2792 2207 3061 2271 offitium
3098 2205 3575 2271 sollicitationis

701 2329 764 2384 et
834 2319 1182 2385 sollicitare
1253 2321 1459 2407 possit
1525 2331 1588 2387 et
1645 2322 1902 2406 debeat,
1977 2323 2149 2408 quod
2196 2323 2410 2410 platea
2456 2323 2680 2410 palatii
2728 2322 3135 2387 dominorum
3180 2323 3467 2408 priorum
3513 2330 3577 2385 et

701 2434 1045 2500 uexilliferi
1100 2446 1164 2501 et
1218 2438 1322 2502 uie
1378 2447 1443 2501 et
1499 2446 1697 2503 strate
1751 2438 2009 2524 publice
2068 2439 2349 2504 ciuitatis
2396 2439 2770 2505 Florentine
2828 2448 3000 2504 stent
3046 2447 3111 2502 et
3160 2439 3292 2504 sint
3336 2437 3577 2502 nictide

703 2561 768 2617 et
813 2562 1081 2640 purgate
1130 2561 1249 2618 cet.

925 2720 1038 2787 28.
1109 2724 1240 2789 Die
1282 2724 1350 2788 X
1375 2724 1542 2791 VIII
1577 2724 1768 2788 Junii
1809 2720 2057 2810 (Opera
2103 2724 2209 2790 del
2254 2725 2511 2791 Duomo
2557 2724 2705 2789 filza
2754 2727 2789 2789 7
2840 2747 2902 2810 p.
2939 2719 3121 2808 32a).

927 2855 1223 2944 Operarii
1277 2858 1548 2944 predicti
1605 2859 2152 2943 deliberauerunt,
2216 2860 2387 2944 quod
2436 2859 2827 2925 camerarius
2876 2859 3032 2923 dicti
3088 2859 3303 2944 operis
3362 2856 3471 2921 det
3518 2867 3583 2920 et

703 2975 916 3040 soluat
962 2973 1041 3039 de
1089 2973 1373 3040 denariis
1422 2973 1576 3040 dicti
1626 2976 1838 3061 operis
1872 2975 2162 3040 Johanni
2208 2974 2400 3060 Fetti,
2452 2975 2971 3062 capudmagistro
3007 2974 3161 3039 dicti
3194 2973 3427 3060 operis,
3464 2995 3579 3060 pro

703 3092 840 3157 eius
911 3090 1147 3157 salario
1218 3100 1282 3157 et
1326 3092 1695 3177 prouisione
1753 3115 1792 3156 a
1841 3091 2166 3157 kallendis
2222 3093 2467 3157 mensis
2513 3091 2697 3156 Junii
2742 3100 2915 3156 retro
2963 3100 3026 3155 et
3072 3089 3206 3155 suis
3256 3088 3577 3175 operibuS,

704 3208 932 3275 diebus
979 3218 1044 3272 et
1088 3207 1329 3291 labore,
1381 3206 1548 3272 datis
1597 3206 1768 3272 dicto
1816 3209 1996 3294 operi
2042 3218 2107 3273 et
2151 3209 2337 3295 logie,
2387 3209 2459 3272 in
2506 3231 2759 3274 summa
2803 3207 3080 3272 florenos
3129 3206 3267 3270 auri
3319 3207 3421 3271 15.

924 3323 1095 3388 Item
1141 3323 1313 3409 quod
1360 3323 1570 3388 dictus
1602 3325 1994 3390 camerarius
2043 3324 2195 3390 dicti
2245 3325 2457 3411 operis
2507 3324 2614 3388 det
2646 3332 2709 3388 et
2757 3324 2968 3388 soluat
2998 3321 3077 3388 de
3110 3322 3393 3387 denariis
3427 3322 3581 3387 dicti

705 3441 916 3527 operis
952 3440 1122 3504 dicto
1153 3438 1464 3524 Johanni,
1516 3439 2035 3526 capudmagistro
2085 3441 2240 3506 dicti
2288 3441 2522 3526 operis,
2572 3463 2688 3526 pro
2738 3441 2874 3505 eius
2923 3439 3158 3505 salario
3192 3448 3257 3504 et
3286 3439 3582 3504 mercede

705 3557 901 3623 totius
948 3556 1276 3641 temporiS,
1325 3555 1409 3620 ad
1456 3555 1626 3642 quod
1673 3557 1913 3622 electus
1959 3556 2173 3640 fuerit,
2224 3556 2512 3642 quolibet
2556 3579 2779 3622 mense
2824 3555 3105 3622 florenos
3152 3556 3293 3620 auri
3342 3558 3447 3620 10.

925 3671 1174 3737 «Iacobo
1234 3670 1450 3756 Pauli,
1523 3671 2045 3758 capudmagistro
2117 3672 2288 3737 dicto
2349 3672 2547 3758 logie,
2621 3669 2705 3756 (a.
2742 3695 2798 3738 a.
2835 3672 2914 3739 O.
2964 3695 3025 3758 p.
3063 3666 3235 3753 34b)
3280 3694 3396 3758 pro
3444 3671 3582 3736 eius

706 3790 940 3856 salario
988 3797 1300 3874 quactuor
1330 3788 1668 3871 mensium,
1719 3788 2119 3854 initiatorum
2160 3788 2262 3853 die
2296 3790 2569 3874 septimo
2602 3784 2844 3854 mensis
2876 3788 3117 3872 Martii,
3154 3787 3236 3852 ad
3266 3789 3584 3852 rationem

705 3907 1094 3971 florenorum
1143 3907 1178 3969 7
1231 3905 1370 3968 auri
1415 3927 1530 3991 pro
1576 3927 1817 3988 mense,
1871 3915 1939 3969 ut
1982 3914 2162 3990 patet
2208 3905 2373 3969 libro
2420 3905 2589 3990 logie
2620 3928 2677 3970 a.
2714 3928 2767 3970 c.
2808 3907 2931 3990 12„
2994 3906 3271 3971 florenos
3304 3905 3391 3970 28
3423 3905 3581 3969 auri.

932 4081 1048 4147 29.
1119 4083 1249 4147 Die
1294 4085 1611 4168 triqesimo
1656 4083 1828 4147 Julii
1870 4079 1956 4165 (a.
1989 4105 2048 4148 a.
2085 4080 2165 4148 O.
2211 4083 2363 4148 filza
2408 4083 2448 4148 8
2494 4106 2556 4170 p.
2591 4078 2730 4166 4a).

927 4217 1217 4282 «Iohanni
1285 4215 1494 4300 Fecti,
1567 4215 2089 4303 capudmagistro
2150 4217 2306 4281 dicti
2365 4217 2604 4302 operis,
2675 4240 2789 4302 pro
2848 4217 2986 4282 eius
3046 4215 3283 4282 salario
3342 4217 3585 4282 mensis

705 4333 890 4400 Junii
937 4343 1001 4398 et
1044 4331 1207 4398 ,Iulii
1254 4333 1593 4418 presentis,
1643 4333 1727 4398 ad
1772 4333 2089 4397 rationem
2135 4333 2525 4398 florenorum
2573 4332 2795 4398 decem
2840 4356 2957 4419 pro
3004 4355 3245 4416 mense,
3294 4341 3365 4396 ut
3411 4341 3589 4417 patet

707 4451 874 4516 libro
915 4449 1194 4515 duorum
1239 4448 1297 4513 E
1345 4471 1396 4513 c.
1435 4449 1583 4531 139,
1633 4449 1702 4513 in
1750 4472 2001 4514 summa
2047 4449 2324 4514 florenos
2373 4450 2460 4514 20
2505 4449 2645 4513 auri
2690 4444 2940 4532 (Dom).

928 4566 1178 4651 Jacopo
1225 4564 1440 4648 Pauli,
1499 4565 1835 4650 magistrO,
1896 4564 2417 4652 capudmagistro
2479 4565 2690 4651 operis
2746 4565 2941 4651 logie,
3000 4587 3115 4651 pro
3164 4565 3301 4629 eius
3350 4563 3587 4628 salario

708 4683 900 4748 unius
947 4681 1208 4764 mensiS,
1258 4680 1562 4745 uidelicet
1608 4681 1794 4745 iniati
1841 4679 1946 4746 die
1993 4682 2267 4768 septimo
2316 4682 2635 4767 presentis
2683 4681 2925 4746 mensis
2971 4681 3154 4765 sulii,
3206 4689 3273 4745 ut
3312 4689 3488 4767 patet
3518 4678 3588 4744 in

706 4799 875 4863 libro
923 4796 1091 4884 logie
1139 4819 1195 4862 a.
1231 4818 1284 4861 c.
1325 4798 1448 4881 12„
1499 4797 1775 4862 florenos
1827 4798 1860 4862 7
1913 4797 2072 4862 auri.

933 4973 1052 5039 30.
1120 4975 1249 5040 Die
1293 4978 1553 5062 septimo
1601 4974 1882 5062 Anqusti
1924 4971 2011 5060 (a.
2047 4997 2103 5041 a.
2139 4975 2219 5042 O.
2268 5001 2329 5064 p.
2366 4971 2576 5060 4bf.).

929 5111 1041 5174 An
1101 5109 1215 5174 der
1267 5110 1518 5197 Loggia
1571 5109 1721 5176 sind
1766 5111 1852 5177 43
1899 5111 2172 5176 Maestri
2228 5111 2361 5177 und
2421 5113 2462 5176 9
2508 5110 2841 5176 Manovali
2898 5107 3317 5194 beschaftigt,
3391 5109 3589 5173 deren

710 5225 773 5288 N
777 5247 984 5311 amen,
1036 5235 1335 5313 getrennt
1381 5250 1508 5292 von
1556 5226 1766 5291 denen
1814 5224 1927 5291 der
1974 5223 2209 5313 Opera,
2260 5225 2625 5313 ausgefiihrt
2670 5225 2947 5291 werden.
