4009 5859
2089 411 2214 476 122

703 591 1063 678 quantitate
1110 590 1454 656 ministrat.
1529 586 1794 670 CaseuS,
1846 599 1911 652 et
1959 589 2016 653 si
2048 611 2179 654 non
2214 589 2280 652 in
2315 588 2598 653 maxima
2629 588 3013 674 quantitate,
3062 599 3278 652 tamen
3311 585 3586 674 peropti-

701 732 844 773 mus
894 716 959 772 et
1005 707 1265 771 delicati
1312 706 1581 792 saporis,
1678 702 1927 770 Carnes
1975 705 2174 770 habet
2221 705 2498 790 optimas
2546 705 2624 769 de
2673 704 3061 769 animalibus
3113 703 3482 769 domesticis
3525 717 3590 768 et

704 825 1111 890 siluestribus
1162 824 1231 888 in
1278 846 1393 888 suo
1443 821 1744 887 districtu
1787 821 2078 902 nutritis3
2130 820 2244 885 sed
2277 843 2684 906 nequaquam
2718 821 3104 902 sufficerent,
3155 821 3283 884 nisi
3317 819 3587 886 aliorum

702 941 769 1004 in
841 939 962 1004 hoc
1031 939 1337 1024 suffragio
1388 938 1618 1002 ciuitas
1678 938 2051 1002 nutriretur.
2147 935 2370 1001 Pisces
2421 959 2656 1022 paucos
2707 936 2917 1020 habet,
2969 937 3265 1023 quamuis
3315 937 3392 1000 de
3441 936 3587 1000 aliis

702 1057 999 1142 partibus
1070 1055 1440 1120 deferantur
1510 1054 1591 1117 ad
1663 1053 1861 1117 illam.
1954 1053 2292 1118 Diuiditur
2359 1054 2590 1118 ciuitas
2662 1053 2774 1117 illa
2840 1077 2954 1140 per
3011 1063 3236 1118 sextus
3287 1061 3351 1116 et
3398 1076 3590 1138 super

702 1171 941 1236 flumen
987 1171 1157 1236 Arni
1202 1180 1477 1256 quatuor
1522 1169 1720 1234 habet
1766 1183 1995 1256 pontes
2046 1169 2364 1254 lapideos,
2424 1169 2576 1234 licet
2635 1170 2717 1233 ab
2767 1169 3296 1234 inundationibus
3346 1169 3586 1232 dudum

702 1287 939 1352 infusis
990 1287 1114 1352 duo
1164 1310 1245 1350 ex
1293 1287 1386 1350 eis
1435 1285 1669 1350 emersi
1715 1284 1992 1367 fuerunt,
2046 1286 2177 1370 qui,
2229 1285 2432 1348 donec
2465 1295 2861 1372 reparentur,
2913 1285 2994 1350 ad
3027 1285 3276 1370 ligneos
3311 1296 3461 1350 sunt
3493 1309 3586 1349 re-

704 1403 897 1467 ducti.
992 1403 1122 1466 Hic
1192 1425 1429 1486 magna
1498 1414 1563 1466 et
1615 1401 1861 1487 optima
1906 1400 2192 1486 lapidum
2242 1411 2306 1464 et
2353 1400 2548 1465 calcis
2597 1412 2661 1464 et
2709 1424 2902 1466 arene
2950 1412 3014 1465 et
3060 1423 3223 1487 aque
3272 1401 3459 1486 copia
3505 1400 3586 1464 ad

702 1519 960 1584 edificia
1006 1518 1329 1604 erigenda.
1428 1514 1687 1582 Octima
1742 1539 1996 1602 quoque
2059 1528 2232 1580 terra
2279 1517 2344 1580 in
2393 1518 2530 1581 eius
2581 1517 2901 1582 territorio
2951 1518 3034 1580 ad
3082 1541 3238 1582 uasa
3285 1517 3590 1582 utensilia

700 1637 1097 1701 fabricanda.
1172 1635 1383 1721 Ligna
1414 1646 1564 1701 sunt
1595 1635 1856 1721 quidem
1888 1636 1970 1700 ob
2006 1635 2223 1721 populi
2257 1635 2668 1700 multitudine
2701 1649 2800 1700 (εἰσ)
2832 1635 2900 1698 in
2933 1633 3045 1698 illa
3077 1658 3205 1699 non
3241 1633 3421 1716 uilia3
3473 1633 3587 1699 scd

703 1754 758 1817 si
830 1753 1318 1838 aliquantulum,
1391 1753 1534 1839 plus
1593 1775 1782 1838 quam
1842 1751 2165 1838 expediat,
2237 1774 2366 1815 non
2426 1751 2760 1833 distarent,
2835 1750 2900 1814 in
2958 1749 3255 1815 districtu
3301 1752 3439 1817 eius
3489 1762 3587 1815 est

703 1893 923 1934 eorum
981 1869 1269 1934 maxima
1320 1868 1663 1933 multitudo
1734 1880 1798 1931 et
1856 1867 2136 1931 maxime
2195 1869 2458 1932 arbores
2519 1867 2602 1931 ad
2649 1889 2901 1953 queque
2948 1866 3205 1932 edificia
3249 1879 3582 1954 oportune.

702 1983 924 2050 Herbe
994 1986 1335 2050 comitatus
1408 1995 1598 2070 atque
1668 1984 1997 2069 legumina
2066 1995 2130 2048 et
2188 1984 2508 2070 pirorum,
2580 1984 2820 2048 ficuum
2865 1993 2930 2047 et
2985 1984 3296 2048 similium
3339 1981 3583 2046 fructus

702 2101 1101 2186 temporibus
1152 2101 1285 2165 suis
1334 2100 1575 2186 optime
1624 2101 2020 2165 conueniunt
2065 2100 2343 2164 humane
2375 2109 2623 2164 nature.
2703 2099 2961 2185 Indiget
3007 2101 3234 2165 ciuitas
3267 2122 3381 2185 pro
3417 2122 3584 2165 com-

702 2236 1102 2299 morantibus
1151 2235 1323 2298 intra
1376 2257 1546 2316 eam,
1620 2243 1690 2296 ut
1737 2233 1817 2296 ab
1868 2234 2152 2318 expertis
2203 2235 2420 2319 sepius
2468 2246 2567 2298 est
2613 2245 2969 2320 repertum,
3031 2194 3356 2298 CCXXX
3399 2233 3582 2318 grani

701 2369 939 2432 modiis
998 2368 1173 2432 omni
1233 2368 1356 2433 die.
1451 2367 1672 2431 Habet
1716 2366 1783 2430 in
1830 2366 2194 2432 redditibus
2244 2367 2311 2431 in
2361 2368 2684 2432 communi
2731 2367 2798 2431 II
2845 2367 3026 2431 milia
3071 2368 3458 2431 florenorum
3505 2366 3584 2431 de

702 2505 856 2600 apro
908 2483 1009 2547 uel
1056 2485 1255 2564 circa3
1304 2493 1524 2548 tamen
1568 2483 1977 2548 necessitatis
2027 2493 2314 2569 tempore
2362 2507 2476 2570 per
2521 2483 2809 2569 gabellas
2857 2485 3073 2570 sepius
3122 2484 3457 2547 annuatim
3501 2483 3584 2547 ad

701 2611 859 2698 V11)
915 2627 1013 2680 est
1068 2626 1465 2702 peruentum.
1570 2615 1866 2681 Presidet
1917 2617 2110 2681 hodie
2182 2617 2430 2682 ciuitati
2499 2615 2764 2681 Pistorii
2833 2627 2898 2682 et
2953 2618 3200 2682 ciuitati
3247 2617 3460 2680 Aretii
3521 2626 3585 2681 et

702 2754 894 2817 quam
966 2732 1257 2818 pluribus
1327 2733 1817 2798 honorabilibus
1891 2735 2120 2798 castris
2179 2745 2242 2797 et
2288 2734 2476 2797 terris
2525 2734 2593 2797 in
2645 2731 2900 2798 Tuscia.
2995 2732 3139 2797 Viri
3188 2733 3472 2797 ciuitatis
3521 2743 3586 2796 et

703 2847 1044 2912 comitatus
1093 2858 1244 2912 sunt
1290 2848 1583 2913 homines
1633 2850 1989 2914 eommunis
2040 2857 2307 2932 stature,
2360 2849 2655 2932 audaces,
2708 2849 3021 2933 bellicosi,
3071 2848 3471 2932 industriosi,
3523 2859 3588 2913 et

702 2965 813 3049 qui
882 2965 948 3028 in
1017 2963 1430 3029 multitudine
1501 2987 1737 3050 magna
1798 2987 1910 3050 per
1958 2988 2215 3028 omnem
2261 2965 2489 3028 mundi
2535 2965 2866 3050 regionem
2913 2965 3207 3051 dispersi,
3279 2965 3468 3030 facile
3517 2989 3585 3030 se

702 3079 1103 3143 conformant
1148 3080 1365 3164 lingue
1414 3103 1485 3143 ac
1535 3082 1825 3165 gestibus
1875 3081 2162 3144 omnium
2209 3081 2562 3166 regionum.
2657 3081 2965 3148 Mulieres
3013 3105 3267 3168 quoque
3299 3083 3586 3168 ipsorum

701 3217 893 3280 quam
942 3219 1163 3260 omnes
1212 3197 1569 3261 communis
1618 3207 1887 3280 stature,
1960 3197 2304 3261 mediocris
2353 3208 2417 3261 et
2462 3197 2727 3283 pulchre
2776 3209 2968 3283 atque
3016 3198 3362 3284 plurimum
3410 3199 3585 3283 geni-

700 3323 862 3376 ture.
955 3313 1093 3375 Aer
1156 3312 1223 3376 in
1278 3310 1393 3375 illa
1450 3335 1531 3376 ex
1579 3314 1677 3377 sui
1726 3336 1935 3398 aequa
1982 3313 2290 3398 temperie
2339 3313 2720 3378 sanissimus
2771 3323 2834 3378 et
2880 3314 3291 3399 generatiuus
3341 3314 3420 3378 ad
3470 3315 3582 3378 mi-

700 3451 861 3492 rum.
955 3427 1317 3514 Dispositio
1365 3430 1699 3514 utriusque
1748 3451 1963 3512 sexuS,
2038 3429 2150 3493 ubi
2197 3452 2312 3514 per
2357 3429 2656 3494 accidens
2706 3453 2834 3494 non
2883 3441 3180 3514 mutetur,
3255 3430 3583 3494 alacritate

700 3565 776 3608 ac
823 3542 1210 3608 liberalitate
1258 3546 1517 3630 potitur.
1592 3544 1669 3608 In
1721 3547 2009 3610 uestibus
2059 3547 2519 3631 apparentibus
2569 3546 2991 3628 delectantur3
3041 3546 3318 3610 honores
3367 3547 3580 3629 etiam,

700 3669 772 3723 ut
818 3670 1170 3745 appareant
1217 3670 1280 3725 et
1326 3661 1497 3745 quod
1547 3661 1934 3746 expendant,
1984 3661 2269 3726 habeant
2317 3663 2713 3727 affectantes.
2808 3664 3095 3727 Nimium
3135 3674 3287 3727 sunt
3319 3663 3401 3726 ad
3433 3685 3582 3748 que-

698 3775 966 3840 rendam
1013 3778 1354 3862 pecuniam
1402 3776 1658 3841 solliciti
1707 3788 1770 3841 et
1817 3778 2065 3860 attenti,
2115 3787 2188 3842 ut
2231 3779 2299 3841 in
2349 3779 2441 3842 eis
2488 3778 2803 3864 equaliter
2850 3779 2978 3843 dici
3021 3781 3257 3865 possit:
3308 3801 3585 3865 ‚semper

701 3891 884 3956 ardet
929 3891 1119 3956 ardor
1166 3889 1492 3958 habendi.‘
1570 3893 1655 3958 Et
1702 3893 1888 3958 illud:
1951 3891 2033 3977 ‚O
2078 3894 2349 3980 prodiga
2394 3917 2608 3959 rerum
2639 3895 2956 3961 luxuries!
3007 3920 3334 3983 nunquam
3379 3908 3578 3983 parat,

700 4017 1003 4072 contenta
1050 4020 1277 4095 paratu
1324 4019 1388 4074 et
1433 4011 1830 4095 quesitorum
1874 4021 2049 4074 terra
2094 4010 2449 4097 pelagoque
2483 4011 2925 4077 habendorum
2961 4014 3307 4078 ambitiosa
3336 4010 3579 4078 fames‘.

700 4123 787 4187 Et
833 4126 1165 4209 quoniam,
1216 4135 1288 4190 ut
1334 4125 1571 4190 dicitur
1617 4130 1685 4190 in
1734 4127 2030 4190 chronica
2078 4131 2153 4192 de
2202 4131 2446 4214 ovi-qim
2493 4132 2792 4210 ciuitatis,
2844 4129 2923 4194 de
2971 4153 3203 4216 genere
3261 4141 3410 4195 sunt
3455 4129 3582 4194 Ro-

701 4262 1039 4304 manorum
1108 4242 1432 4327 producti,
1506 4243 1777 4306 nimium
1846 4244 2110 4308 student
2165 4246 2589 4310 communiter
2646 4247 2712 4310 in
2787 4247 3188 4311 subiiciendo
3246 4247 3372 4310 sibi
3421 4245 3581 4310 alias

700 4355 1018 4439 nationeS,
1069 4356 1223 4421 licet
1264 4353 1391 4422 hoc
1440 4359 1522 4423 ad
1569 4358 1939 4424 habendum
1987 4360 2358 4426 solidiorem
2405 4384 2629 4448 pacem
2677 4363 2744 4426 in
2779 4386 2848 4427 se
2882 4363 3041 4448 ipsis
3076 4373 3266 4448 atque
3300 4363 3580 4448 quietem

700 4471 783 4537 ad
830 4472 1323 4536 conuenientem
1371 4477 1856 4540 excusationem
1902 4477 2207 4542 inducere
2255 4478 2619 4544 moliantur.

924 4587 1119 4654 Circa
1165 4591 1496 4656 ciuitatem
1543 4616 1693 4656 uero
1744 4616 1856 4678 per
1902 4594 2120 4680 aliqua
2167 4596 2377 4682 spatia
2424 4607 2573 4660 sunt
2621 4596 2886 4682 palatia,
2939 4597 3252 4678 maneria,
3305 4595 3577 4677 edificia,

700 4703 1010 4768 uiridaria
1054 4714 1118 4768 et
1164 4705 1533 4771 huiusmodi
1580 4708 1784 4772 multa
1830 4719 1895 4772 et
1943 4711 2123 4774 uaria
2163 4711 2242 4774 ad
2277 4713 2516 4776 ciuium
2546 4713 3010 4776 recreationem
3042 4722 3282 4798 parata,
3334 4734 3478 4797 que,
3524 4713 3579 4776 si

701 4819 971 4884 collecta
1030 4831 1247 4886 essent
1302 4822 1608 4908 inuicem,
1682 4849 1877 4889 unam
1933 4828 2425 4892 conuenientem
2477 4827 2766 4892 facerent
2812 4829 3160 4892 ciuitatem.
3255 4827 3339 4891 Et
3386 4829 3581 4891 comi-

698 4944 870 5000 tatus
930 4936 1067 5001 eius
1128 4939 1405 5003 maxime
1462 4940 1776 5006 naturalis
1832 4943 2107 5007 multum
2161 4952 2225 5007 et
2279 4943 2744 5008 honorabiliter
2802 4942 3148 5008 habitatus
3243 4941 3367 5008 Vie
3426 4943 3580 5008 ciui-

702 5119 952 5128 ..—--.
967 5123 1129 5130 ——

880 5235 918 5303 ¹)
956 5234 1134 5307 Bongi
1172 5235 1381 5308 glaubt:
1418 5203 1494 5293 xil
1530 5237 1693 5294 milia.
