4009 5859
1797 356 1923 420 143

632 523 751 592 Ser
797 527 1239 616 Uguiccionus
1286 529 1655 616 Rugerotti,
1722 533 2031 615 notariuS,
2095 534 2501 600 consiliarius
2549 535 2840 622 predicti,
2901 539 3181 602 surrexit
3228 549 3292 602 et

398 655 601 708 antea
646 645 971 710 consuluit
1015 647 1083 710 in
1131 647 1431 712 omnibus
1481 657 1544 712 et
1590 648 1862 736 singulis
1906 651 2382 737 suprascriptis,
2433 652 2500 715 in
2547 650 2670 716 hoc
2701 654 2984 738 presenti
3017 653 3289 718 consilio

400 783 606 846 supra
648 762 1016 848 propositiS,
1068 763 1135 826 in
1173 765 1473 828 omnibus
1522 773 1585 828 et
1630 786 1745 850 per
1791 767 2028 849 omnia,
2079 766 2433 830 secundum
2481 777 2544 830 et
2589 776 2777 853 prout
2824 768 2892 832 in
2939 769 3098 855 ipsis
3146 793 3289 856 pro-

400 877 841 963 positionibus
890 889 955 942 et
1001 880 1289 964 qualibet
1334 900 1556 945 earum
1602 881 1855 966 plenius
1904 883 2271 946 continetur
2316 892 2435 948 cet.

629 993 798 1058 Item
867 992 1039 1078 quod
1085 995 1253 1060 ultra
1308 997 1718 1081 quantitates,
1780 998 1941 1063 alias
1997 999 2328 1063 ordinatas
2387 1007 2451 1062 et
2505 999 2829 1064 stabilitas
2885 1001 2953 1064 in
3000 1001 3288 1086 predicto

402 1130 601 1195 opere
670 1109 939 1174 ecclesie
996 1120 1215 1176 sancte
1262 1111 1581 1198 Reparate
1652 1135 1768 1198 pro
1838 1113 1981 1200 ipso
2043 1115 2300 1179 comuni
2347 1115 2628 1201 expendi
2677 1115 2909 1180 debere
2959 1116 3038 1180 de
3085 1116 3289 1203 ipsius

404 1225 700 1290 comunis
747 1227 1038 1312 pecunia,
1112 1229 1447 1292 camerarii
1503 1229 1792 1295 eiusdem
1840 1231 2132 1296 comunis
2181 1231 2439 1295 soluant
2485 1241 2548 1294 et
2594 1231 2975 1317 expendere,
3028 1231 3180 1295 dare
3228 1241 3293 1294 et

403 1342 660 1406 soluere
728 1343 999 1429 possint,
1073 1352 1414 1408 teneantur
1471 1355 1534 1409 et
1590 1345 1869 1410 debeant
1921 1369 2038 1432 per
2090 1355 2343 1432 tempus
2393 1356 2456 1410 et
2501 1347 2850 1411 terminum
2899 1348 3087 1411 unius
3135 1348 3290 1411 anni

400 1459 624 1541 futuri,
674 1459 912 1524 initiati
971 1459 1039 1524 in
1096 1460 1307 1524 medio
1356 1461 1595 1524 mensis
1642 1460 1907 1548 Aprelis
1956 1463 2250 1548 proxime
2299 1463 2608 1548 preteriti,
2657 1462 2858 1527 libras
2908 1463 3084 1528 2400
3126 1462 3169 1527 f.
3204 1487 3286 1550 p.,

401 1575 880 1660 particulariter
946 1575 1070 1641 hoc
1146 1576 1336 1642 modo
1406 1586 1469 1641 et
1537 1577 1965 1663 infrascriptis
2013 1577 2306 1642 terminis
2364 1577 2766 1660 officialibuS,
2818 1578 3128 1663 operariis
3177 1600 3292 1642 seu

404 1691 883 1776 superstitibuS,
933 1715 1049 1778 pro
1097 1693 1237 1778 ipso
1286 1694 1543 1758 comuni
1592 1693 1813 1758 electis
1870 1715 1986 1757 seu
2045 1693 2360 1779 eligendis
2420 1693 2502 1758 ad
2550 1694 2764 1780 ipsum
2810 1716 2970 1779 opus
3019 1694 3290 1759 ecclesie

402 1806 693 1892 predicte
740 1807 1216 1894 procurandum
1248 1819 1311 1872 et
1341 1809 1482 1872 fieri
1523 1807 1910 1892 faciendum,
1956 1809 2322 1893 soluendus,
2375 1810 2802 1895 assignandas
2836 1820 2902 1874 et
2933 1810 3288 1874 exibendas

405 1924 747 1988 occasione
794 1924 1103 2010 predicta,
1162 1925 1468 1990 uidelicet
1514 1924 1911 2011 quibuslibet
1958 1923 2210 1990 duobus
2258 1926 2590 1990 mensibus
2640 1927 2792 1991 anni
2840 1926 3112 2012 predicti
3159 1928 3293 1991 400

402 2038 609 2104 libras
654 2039 696 2105 f.
732 2063 793 2126 p.
846 2049 965 2105 cet.

631 2242 743 2309 22.
812 2243 1004 2310 Anno
1037 2251 1237 2327 1295,
1270 2247 1613 2312 indictione
1644 2253 1709 2328 9,
1755 2247 1857 2311 die
1887 2253 1970 2310 13
2005 2249 2234 2311 mensis
2265 2245 2632 2310 Decembris
2677 2242 2897 2329 (Pi-ov.
2926 2247 2966 2311 5
2998 2268 3061 2333 p.
3088 2246 3210 2311 187
3224 2247 3289 2331 b,

399 2359 569 2423 fehlt
611 2361 717 2425 bei
766 2357 999 2446 Gaye).

632 2499 996 2569 Consilium
1051 2514 1309 2568 centum
1352 2505 1637 2570 uirorum
1682 2506 1905 2592 populi
1936 2505 2300 2569 Florentini
2340 2546 2422 2554 —
2465 2505 2532 2568 in
2565 2504 2842 2569 ecclesia
2872 2505 3080 2568 sancti
3112 2503 3290 2574 Petri

401 2614 743 2683 Scheradii
791 2632 1250 2706 congregatum
1298 2631 1415 2686 cet.
3019 2623 3024 2630 ’

627 2734 795 2801 Item
861 2759 1053 2824 super
1108 2737 1523 2824 infrascripta
1569 2737 1974 2824 expositione
2023 2748 2087 2802 et
2133 2737 2464 2823 petitione,
2535 2735 2714 2800 cuius
2764 2744 2949 2799 tenor
2995 2734 3143 2799 talis
3191 2745 3292 2799 est

402 2852 734 2918 uidelicet:
784 2853 1153 2940 Exponitur
1198 2855 1385 2920 uobis
1434 2855 1713 2919 dominis
1762 2854 2085 2940 prioribus
2119 2854 2354 2918 artium
2386 2862 2450 2916 et
2481 2852 2800 2916 artificum
2832 2863 2896 2916 et
2927 2851 3288 2916 uexillifero

403 2969 649 3032 iustitie
699 2970 990 3034 comunis
1040 2981 1103 3034 et
1148 2971 1370 3056 populi
1416 2969 1809 3035 Florentini:
1885 2969 2184 3033 offitiales
2233 2979 2298 3033 et
2345 2969 2640 3054 operarii,
2713 2968 2822 3053 qui
2870 2990 2984 3054 pro
3032 2968 3290 3031 comuni

402 3083 459 3148 F
460 3085 734 3149 lorentie
801 3085 1135 3171 president
1178 3085 1424 3151 fabrice
1470 3087 1657 3150 beate
1713 3083 2056 3171 Reparate,
2130 3083 2516 3149 cathedralis
2576 3083 2846 3147 ecclesie
2893 3081 3286 3165 Florentiae,

403 3199 579 3284 quod
624 3199 921 3266 nonnulli
991 3201 1165 3265 ciues
1236 3211 1300 3264 et
1355 3200 1467 3264 alii
1521 3199 1817 3265 homines
1876 3201 2208 3265 districtus
2267 3199 2593 3264 Florentie
2651 3221 2727 3263 ac
2773 3199 2968 3262 etiam
3016 3197 3093 3262 de
3142 3198 3288 3262 aliis

402 3315 697 3400 partibus
747 3325 811 3378 et
857 3315 1167 3380 contratis
1214 3324 1347 3380 tam
1396 3339 1477 3380 ex
1525 3316 2216 3400 administrationibus,
2276 3339 2438 3402 quas
2493 3339 2608 3402 pro
2657 3315 2915 3380 comuni
2960 3313 3014 3378 F
3016 3314 3288 3378 lorentie

404 3440 745 3515 gesserunt
787 3431 1099 3496 hactenus
1146 3429 1587 3496 fraudulenter
1634 3453 1711 3496 ac
1757 3433 1953 3496 etiam
1999 3432 2419 3518 negligenter,
2499 3454 2694 3515 quam
2763 3432 2958 3494 etiam
3014 3453 3096 3493 ex
3143 3429 3288 3494 aliis

405 3547 619 3611 causis
666 3546 956 3612 subdolis
1004 3557 1069 3611 et
1113 3548 1383 3612 occultis
1431 3557 1583 3612 sunt
1630 3547 1801 3612 dicto
1849 3549 2108 3613 comuni
2165 3548 2236 3613 in
2298 3547 2622 3632 aliquibus
2671 3547 3090 3633 pecuniarum
3121 3535 3296 3611 sum?

402 3663 529 3727 mis
578 3672 643 3726 et
684 3664 879 3728 rebus
928 3663 1073 3728 aliis
1120 3664 1471 3728 mobilibus
1506 3663 1794 3750 obligati,
1847 3663 1924 3727 de
1959 3664 2193 3749 quibus
2224 3664 2644 3749 pecuniarum
2675 3661 2944 3727 summis
2979 3669 3043 3724 et
3071 3661 3286 3744 rebuS,

404 3779 463 3842 si
507 3780 829 3844 restitutio
875 3782 1061 3844 fieret
1106 3781 1188 3844 ab
1232 3781 1387 3844 olim
1418 3780 1903 3866 perceptoribus
1936 3779 2306 3862 earundem,
2357 3788 2576 3865 posset
2609 3778 2786 3864 operi
2821 3777 2988 3841 dicte
3019 3777 3284 3859 fabrice,

406 3896 753 3962 dummodo
800 3898 1168 3963 huiusmodi
1213 3897 1534 3963 restitutio
1583 3903 2064 3961 conuerteretur
2112 3895 2180 3958 in
2227 3893 2404 3977 illud,
2479 3893 2561 3957 ad
2606 3893 2864 3957 laudem
2909 3891 3038 3955 Dei
3087 3892 3289 3956 omni-

405 4016 707 4100 potentis,
759 4014 953 4080 decus
1002 4025 1066 4078 et
1113 4014 1412 4078 decorem
1444 4013 1612 4077 dicte
1646 4012 1915 4077 ecclesie
1948 4009 2324 4076 Florentine
2358 4031 2433 4074 ac
2464 4008 2774 4074 honorem
2807 4007 2964 4072 dicti
2996 4007 3288 4072 comunis

404 4131 651 4195 utiliter
687 4130 1017 4217 prouideri
1049 4140 1189 4214 cet.,
1242 4169 1325 4178 -—
1374 4128 1742 4215 supplicant
1770 4139 2143 4193 reuerenter
2175 4126 2472 4191 offitiales
2507 4135 2570 4188 et
2601 4124 2879 4211 operarii
2911 4122 3285 4209 supradicti,

404 4254 721 4331 quatenus
780 4270 895 4332 per
951 4269 1067 4311 uos
1139 4285 1222 4294 —
1294 4245 1584 4328 stabilire
1632 4244 1867 4328 uelitis,
1941 4242 2132 4329 quod,
2204 4245 2588 4329 quicumque
2651 4263 2767 4326 per
2823 4263 2892 4304 se
2940 4240 3044 4303 uel
3091 4239 3290 4303 alium

406 4363 1001 4449 quomodocumque
1046 4370 1303 4425 tenetur
1349 4361 1607 4425 comuni
1653 4358 1981 4424 Florentie
2051 4359 2121 4423 in
2179 4359 2502 4445 aliquibus
2549 4357 2970 4442 pecuniarum
3017 4354 3285 4419 summis

404 4478 512 4542 uel
555 4480 747 4544 rebus
796 4478 940 4543 aliis
988 4477 1337 4542 mobilibus
1386 4477 1619 4542 ablatis
1690 4476 1795 4541 uel
1849 4476 2126 4561 receptis
2182 4497 2296 4539 seu
2343 4473 2425 4537 ad
2474 4496 2620 4537 eum
2666 4472 2994 4558 peruentis
3043 4470 3288 4535 inlicite

405 4603 471 4658 et
514 4594 801 4659 indebite
851 4617 891 4657 a
936 4593 1193 4658 comuni
1239 4592 1526 4679 predicto
1574 4592 1931 4679 hactenusa
1962 4590 2249 4677 predicto
2285 4589 2388 4653 die
2421 4587 2597 4652 XIII
2629 4588 2871 4652 mensis
2906 4584 3288 4650 Decembris

404 4718 593 4795 retr0,
667 4710 723 4774 si
788 4709 1159 4774 huiusmodi
1226 4709 1648 4794 pecuniarum
1717 4708 2107 4793 quantitates
2177 4715 2240 4770 et
2309 4727 2593 4769 summas
2651 4726 2727 4768 ac
2785 4703 2979 4767 etiam
3034 4723 3136 4766 res
3185 4700 3290 4763 uel

405 4827 692 4913 ipsarum
753 4823 1038 4889 ualorem
1091 4825 1428 4888 restituere
1485 4832 1549 4887 et
1606 4832 1979 4888 conuertere
2039 4821 2314 4885 uoluerit
2371 4830 2435 4884 et
2491 4819 2789 4885 restituet
2847 4827 2911 4882 et
2957 4825 3290 4881 conuertet

405 4941 473 5006 in
520 4963 683 5028 opus
727 4940 972 5006 fabrice
1018 4949 1367 5005 memorate
1413 4938 1521 5004 uel
1566 4938 1923 5002 immictere
1970 4936 2248 5001 uoluerit
2295 4944 2358 5000 et
2403 4935 2717 4999 immictet
2747 4933 2818 4996 in
2860 4933 3137 5017 cippum,
3182 4929 3288 4992 de-

403 5067 700 5145 putatum
744 5057 812 5120 in
862 5057 1035 5121 dicta
1080 5055 1357 5120 ecclesia
1405 5053 1487 5118 ad
1530 5054 1975 5139 recipiendum
2021 5050 2455 5117 helemosinas
2504 5071 2618 5134 pro
2668 5047 2840 5111 dicto
2889 5067 3080 5132 opere
3112 5054 3286 5108 ante-

405 5175 597 5261 dicto,
650 5211 735 5222 -
784 5173 870 5237 sit
916 5181 980 5236 et
1026 5193 1168 5238 esse
1215 5171 1616 5256 intelligatur
1665 5193 1705 5233 a
1750 5169 2040 5255 predicto
2089 5166 2346 5232 comuni
2393 5203 2476 5213 -—
2525 5161 2880 5227 liberaliter
2910 5169 2974 5225 et
3004 5159 3290 5224 totaliter
