4009 5859
2042 367 2171 429 252

890 579 972 588 --
1019 542 1182 606 Item
1233 542 1406 628 quod
1455 543 1696 608 domini
1746 543 1990 628 priores
2040 543 2274 607 artium
2324 553 2388 606 et
2435 542 2759 607 uexillifer
2792 543 3037 608 iustitie
3085 539 3299 626 (dieti)
3329 545 3552 630 populi

667 668 731 724 et
778 660 1069 724 comunis
1116 655 1198 741 (F
1203 655 1501 740 lorentie)
1548 660 1802 745 possint
1849 660 2070 745 eisque
2118 658 2311 723 liceat
2344 683 2554 723 emere
2588 682 2702 744 pro
2737 658 2908 722 dicto
2942 661 3197 724 comuni
3222 659 3550 724 Florentie

669 784 732 839 et
801 776 941 839 uice
997 787 1061 839 et
1115 775 1376 840 nomine
1426 774 1577 839 dicti
1631 776 1920 839 comunis
1978 798 2019 838 a
2062 775 2297 840 Biaxio
2343 775 2569 840 Fecini
2616 774 2890 857 Ridolfi,
2963 774 3103 839 ciue
3151 775 3547 858 Florentino,

668 892 772 956 uel
820 891 946 955 alio
995 915 1107 976 pro
1157 914 1250 974 e0,
1303 901 1604 976 quattuor
1651 900 1866 977 partes
1903 891 1980 954 de
2016 893 2056 954 5
2094 891 2381 976 partibus
2416 890 2819 976 quarundam
2851 891 3203 975 domorum,
3240 890 3322 956 ad
3354 915 3550 956 unum

669 1031 737 1071 se
787 1007 1160 1090 tenentium,
1224 1030 1347 1093 que
1397 1017 1710 1071 uocantur
1757 1007 1986 1071 domus
2038 1007 2116 1070 de
2163 1007 2227 1071 la
2272 1016 2549 1090 moneta,
2601 1029 2724 1092 que
2773 1007 2979 1093 posite
3028 1015 3180 1071 sunt
3225 1005 3551 1071 Florentie

667 1124 738 1188 in
784 1125 1019 1210 populo
1069 1125 1274 1188 sancti
1321 1123 1497 1188 Petri
1547 1120 1915 1205 Scheradii3
1966 1123 2201 1209 quibus
2252 1146 2291 1188 a
2319 1118 2383 1202 1)
2431 1123 2539 1186 uia
2583 1121 2674 1205 (N
2699 1119 2799 1204 2);
2851 1120 2981 1205 a2)
3028 1123 3138 1187 uia
3168 1123 3306 1188 siue
3340 1122 3555 1208 platea

671 1240 1076 1304 dominorum
1121 1241 1408 1326 priorum
1455 1235 1608 1322 (D);
1677 1263 1717 1303 a
1754 1236 1822 1321 3)
1879 1240 1957 1304 de
2008 1238 2466 1324 Tignamochis
2514 1235 2641 1321 (5);
2718 1261 2757 1302 a
2788 1235 2857 1320 4)
2904 1237 3147 1324 Filippi
3194 1235 3551 1302 Giammori

671 1367 735 1421 et
780 1355 1094 1421 Beltrami
1142 1356 1386 1422 domini
1433 1355 1788 1441 Biuigliani
1835 1355 1904 1439 (2
1933 1351 2021 1438 (1),
2080 1379 2195 1442 pro
2242 1355 2448 1441 pretio
2495 1363 2560 1418 et
2606 1355 2865 1419 nomine
2912 1354 3104 1440 pretii
3155 1356 3327 1420 1000
3370 1353 3552 1418 flore-

668 1495 899 1536 norum
946 1473 1084 1536 auri
1130 1481 1249 1537 cet.

895 1684 1021 1751 20.
1117 1689 1306 1750 Anno
1357 1693 1560 1765 1355,
1632 1687 1976 1750 indictione
2034 1692 2107 1765 8,
2180 1687 2283 1749 die
2332 1691 2412 1748 13
2472 1687 2701 1749 mensis
2750 1685 3029 1770 linquet-i
3070 1681 3348 1767 (ProviS.
3406 1684 3555 1748 filza

672 1803 758 1866 43
809 1825 866 1888 p.
923 1803 1048 1868 102
1074 1798 1164 1883 b).

893 1934 1158 1999 Petitio:
1221 1969 1302 1979 -
1352 1933 1561 1999 Vobis
1621 1934 1900 1998 dominis
1964 1935 2289 2020 prioribus
2339 1935 2575 2000 artium
2633 1943 2697 1998 et
2740 1932 3104 1997 uexillifero
3152 1933 3397 1998 iustitie
3443 1956 3551 2019 po-

672 2051 807 2137 puli
878 2060 942 2115 et
999 2051 1288 2115 comunis
1335 2049 1664 2115 Florentie
1733 2060 2105 2114 reuerenter
2176 2051 2445 2136 exponit
2490 2048 2954 2115 Aldobrandus
3024 2048 3183 2114 olim
3225 2047 3553 2113 Ricciardi

675 2164 902 2231 Gherii
947 2164 1265 2248 Rustichi,
1315 2165 1502 2229 heres
1549 2166 1938 2230 uniuersalis
1987 2162 2213 2230 Gherii
2258 2166 2417 2229 Neri
2462 2165 2780 2248 Rustichi,
2843 2165 3063 2251 populi
3111 2165 3317 2229 sancti
3376 2163 3554 2228 Petri

673 2277 1009 2345 Scheradii
1057 2281 1136 2345 de
1182 2281 1533 2364 Florentia,
1607 2281 1780 2366 quod
1848 2283 1986 2367 ipse
2059 2290 2158 2346 est
2224 2291 2486 2366 paratus
2544 2281 2823 2345 uendere
2880 2289 2945 2344 et
2995 2280 3247 2345 tradere
3296 2279 3552 2344 comuni

673 2396 726 2460 F
730 2396 998 2461 lorentie
1049 2396 1492 2461 duodecimam
1539 2406 1787 2482 partem
1833 2421 1948 2482 pro
1998 2398 2279 2462 indiuiso
2327 2397 2548 2480 turris,
2622 2397 2956 2461 domorum
3025 2405 3089 2460 et
3158 2395 3330 2460 curie
3377 2403 3553 2459 ante-

672 2512 880 2593 rioriS,
931 2513 1000 2576 in
1048 2513 1283 2597 quibus
1333 2512 1630 2577 domibus
1680 2522 1745 2576 et
1791 2513 1946 2577 turri
1997 2512 2287 2598 predicto
2338 2513 2594 2576 comuni
2643 2514 2717 2576 fit
2765 2521 3053 2595 moneta3
3112 2535 3237 2595 que
3293 2511 3554 2598 quidem

675 2629 890 2711 turris,
945 2628 1170 2693 domus
1221 2638 1284 2692 et
1330 2629 1544 2714 platea
1590 2651 1737 2692 cum
1785 2629 2175 2714 quibusdam
2222 2629 2368 2693 aliis
2426 2629 2743 2712 domi'buS,
2792 2628 2985 2693 hodie
3034 2628 3117 2692 ad
3164 2628 3407 2692 dictum
3454 2651 3553 2692 co-

675 2767 868 2809 mune
914 2745 1415 2832 pertinentibuS,
1490 2745 1570 2808 ad
1620 2769 1818 2809 unum
1866 2768 1934 2809 se
1982 2756 2276 2809 tenentes
2292 2796 2309 2828 ,
2366 2746 2575 2831 posite
2635 2753 2785 2810 sunt
2830 2743 3156 2808 Florentie
3204 2745 3273 2808 in
3319 2744 3555 2829 populo

677 2862 886 2926 sancti
943 2859 1121 2925 Petri
1167 2856 1530 2942 Scheradii,
1604 2869 1830 2925 uocate
1901 2860 2128 2926 domus
2188 2861 2265 2924 de
2320 2861 2385 2925 la
2441 2870 2726 2944 moneta3
2799 2861 3035 2946 quibus
3105 2861 3185 2924 ab
3258 2882 3385 2923 uno
3449 2859 3559 2923 uia

677 2976 766 3060 (N
793 2972 889 3060 2);
939 2972 1072 3059 02)
1141 2977 1251 3040 uia
1319 2999 1432 3040 seu
1499 2977 1715 3062 platea
1784 2977 2190 3041 dominorum
2236 2978 2523 3063 priorum
2568 2971 2719 3059 (D);
2768 2972 2901 3058 a3)
2951 3026 3139 3040 .....
3192 2974 3271 3038 de
3318 2971 3555 3059 Cigna-

677 3088 985 3173 mochis¹)
1054 3087 1183 3175 (5);
1256 3087 1388 3174 a4)
1436 3091 1488 3154 F
1492 3092 1675 3178 ilippi
1724 3090 2083 3158 Giammori
2156 3103 2218 3156 et
2263 3092 2578 3157 Beltrami
2648 3091 2893 3156 domini
2960 3091 3317 3176 Biuigliani
3369 3085 3438 3172 (2
3464 3084 3553 3171 d),

679 3231 794 3295 pro
843 3209 1049 3294 pretio
1084 3209 1492 3294 competenti.
1558 3207 1794 3290 Quare,
1847 3232 1992 3273 cum
2039 3211 2253 3294 ipsum
2300 3231 2569 3273 comune
2612 3207 2840 3272 emerit
2886 3207 3046 3271 alias
3091 3215 3309 3292 partes
3357 3205 3557 3268 dicta-

677 3348 821 3388 rum
869 3323 1222 3406 domorum,
1272 3325 1466 3389 turris
1514 3333 1578 3388 et
1624 3324 1864 3410 platee,
1936 3325 2191 3411 placeat
2248 3325 2432 3389 uobis
2489 3347 2621 3388 una
2666 3346 2811 3387 cum
2858 3322 3059 3386 offitio
3112 3323 3193 3387 12
3240 3323 3559 3386 bonorum

680 3441 968 3504 uirorum
1016 3440 1305 3503 comunis
1352 3438 1680 3506 Florentie
1727 3441 2065 3525 prouidere
2136 3449 2199 3503 et
2252 3462 2366 3524 per
2411 3450 2769 3526 opportuna
2816 3438 3089 3503 consilia
3135 3438 3291 3501 dicti
3338 3435 3557 3522 populi

681 3565 746 3620 et
813 3555 1106 3619 comunis
1175 3554 1387 3619 facere
1458 3554 1879 3640 solempniter
1923 3554 2291 3637 reformari,
2365 3554 2536 3640 quod
2606 3555 2851 3619 domini
2909 3555 3155 3641 priores
3212 3555 3447 3618 artium
3494 3562 3558 3618 et

681 3670 1004 3736 uexillifer
1074 3669 1318 3734 iustitie
1379 3669 1531 3733 dicti
1589 3670 1810 3756 populi
1859 3681 1922 3734 et
1969 3671 2260 3734 comunis
2306 3671 2559 3754 possint
2602 3680 2668 3734 et
2713 3670 2991 3736 debeant
3038 3670 3275 3734 dictam
3321 3668 3559 3733 duode-

683 3788 916 3852 cimam
963 3797 1212 3869 partem
1268 3808 1479 3850 emere
1529 3786 1610 3850 ab
1659 3784 2085 3850 Aldobrando
2156 3784 2443 3871 predicto
2514 3809 2628 3871 pro
2676 3788 2882 3873 pretio
2930 3787 3268 3872 sexaginta
3322 3808 3558 3851 nouem

678 3903 1069 3967 florenorum
1117 3900 1195 3964 de
1228 3924 1410 3982 aur03
1446 3935 1530 3945 —
1579 3909 1642 3964 et
1674 3900 1844 3985 quod
1879 3901 2216 3965 camerarii
2248 3924 2499 3965 camere
2532 3904 2822 3967 comunis
2856 3902 2909 3966 F
2912 3902 3202 3986 lorentie‚
3253 3927 3367 3990 pro
3402 3912 3557 3967 tem-

680 4041 834 4105 pore
881 4018 1254 4100 existenteS,
1314 4016 1583 4101 possint,
1640 4025 1983 4080 teneantur
2037 4031 2101 4080 et
2148 4017 2427 4081 debeant
2478 4053 2559 4061 —
2610 4019 2861 4083 soluere
2911 4017 3084 4083 dicto
3130 4017 3557 4084 Aldobrando

682 4133 921 4197 dictam
968 4132 1394 4219 quantitatem
1439 4133 1523 4197 69
1570 4131 1960 4196 florenorum
2008 4132 2087 4196 de
2136 4155 2309 4196 aurs).

902 4247 992 4313 Et
1035 4249 1300 4333 insuper
1343 4270 1458 4332 pro
1506 4245 1814 4333 pensione
1863 4247 2033 4310 dicte
2081 4247 2457 4312 duodecime
2488 4250 3028 4336 partis.temporis
3059 4251 3381 4334 retroacti,
3432 4274 3557 4337 quo

683 4364 897 4450 ipsum
945 4386 1214 4428 comune
1261 4362 1314 4426 F
1317 4363 1588 4428 lorentie
1636 4363 1846 4427 tenuit
1890 4363 2101 4448 ipsam
2147 4364 2407 4427 domum
2455 4364 2537 4428 ad
2584 4366 2989 4450 pensionem,
3065 4367 3242 4431 illam
3286 4369 3557 4453 pecunie

683 4480 1134 4565 quantitatem,
1196 4501 1318 4564 que
1368 4479 1800 4543 declarabitur
1847 4475 1960 4564 per
2005 4479 2401 4564 regulatores
2446 4480 2826 4544 introituum
2872 4490 2935 4544 et
2982 4503 3407 4566 expensarum
3455 4505 3555 4546 co-

682 4595 896 4659 munis
943 4593 1269 4658 Florentie
1339 4604 1403 4658 et
1460 4595 1620 4659 duos
1670 4594 1966 4660 dominos
2014 4618 2129 4660 seu
2174 4595 2473 4660 offitiales
2522 4606 2775 4660 monete
2824 4619 2939 4661 seu
2985 4596 3217 4676 0000110
3265 4599 3555 4663 comunis

682 4707 1010 4773 Florentie
1057 4720 1176 4774 cet.
1229 4749 1310 4758 —
1359 4708 1920 4794 Deliberauerunt,
1994 4711 2165 4797 quod
2211 4713 2355 4797 ipsa
2399 4712 2623 4798 petitio
2673 4753 2754 4761 —
2805 4712 3127 4799 procedat,
3182 4749 3264 4758 —-
3312 4715 3425 4779 fiat
3474 4755 3556 4764 --

683 4833 748 4888 et
795 4825 1189 4890 obseruetur.

866 5095 904 5162 ¹)
945 5093 1112 5148 Wohl
1151 5094 1299 5149 Gerii
1338 5096 1472 5151 oder
1506 5096 1636 5151 Diui
1676 5097 1823 5152 Gerii
1869 5095 2006 5151 nach
2044 5117 2122 5154 nr.
2149 5100 2226 5152 2a
2270 5117 2414 5170 resp.
2455 5118 2535 5154 nr.
2561 5103 2620 5165 53
2660 5131 2725 5140 —
2766 5119 2844 5154 nr.
2871 5102 3047 5156 2a.b.
3070 5119 3113 5156 0.
3154 5103 3327 5172 geben
3364 5101 3556 5157 (110εο1-

683 5182 792 5236 ben
830 5182 1092 5252 Gramen,
1133 5201 1284 5237 wenn
1325 5186 1458 5241 auch
1496 5187 1552 5240 in
1589 5187 1818 5242 andercr
1853 5186 2207 5260 Reihenfolge
2244 5189 2349 5256 (2b
2390 5187 2500 5242 und
2536 5189 2613 5244 20
2652 5188 2845 5243 anders
2884 5190 2963 5244 als
3001 5191 3097 5258 2a)
3136 5209 3219 5245 an.
