4009 5859
1803 410 1930 474 217

422 590 601 654 refici
672 589 884 676 ipsum
931 612 1186 652 murum
1233 588 1301 652 in
1348 587 1488 651 loco
1538 586 1755 652 debito
1803 587 1984 650 iuxta
2040 586 2247 672 ipsam
2295 584 2576 671 plateam
2622 594 2686 648 et
2731 609 2810 650 ex
2858 585 3055 650 latere
3104 585 3307 672 ipsius

425 705 634 791 platee
703 705 996 791 pulcrum
1065 714 1129 769 et
1197 704 1532 768 decentem
1589 713 1654 766 et
1708 701 2069 767 altitudinis
2120 701 2337 766 saltim
2390 702 2469 766 12
2518 700 2926 766 brachiorum
2976 703 3095 766 sub
3144 724 3311 787 pena

423 821 739 907 predicta3
792 843 865 884 eo
907 842 1160 905 quoque
1209 818 1428 884 addito
1477 829 1542 884 et
1587 841 1912 906 expmssn,
1963 806 2154 903 quod,
2206 817 2591 902 quicumque
2638 817 2975 882 occasione
3023 816 3311 904 predicta

425 936 817 1022 relinqueret
863 935 942 1001 de
991 959 1106 1001 suo
1141 946 1394 1000 terreno
1434 944 1618 999 extra
1647 934 1858 1020 ipsum
1893 956 2164 1014 murum,
2214 940 2287 997 ut
2316 931 2685 1019 predicitur,
2720 932 3023 1016 fiendum,
3073 932 3310 998 habeat

428 1063 492 1118 et
545 1052 788 1118 habere
835 1051 1067 1118 debeat
1110 1074 1226 1138 pro
1275 1051 1694 1115 extimatione
1741 1051 1892 1140 talis
1937 1051 2203 1132 terreni,
2266 1059 2581 1134 quantum
2624 1071 2740 1134 per
2783 1049 2960 1135 ipsos
3008 1049 3308 1114 offitiales

429 1170 624 1235 turris
674 1169 780 1234 uel
826 1169 985 1235 duas
1033 1179 1248 1268 partes
1295 1190 1534 1250 eorum,
1585 1177 1656 1231 ut
1703 1166 1948 1231 dictum
1994 1175 2113 1250 est,
2166 1164 2628 1230 deliberabitur
2675 1175 2795 1230 cet.

654 1353 811 1420 120.
904 1355 1095 1420 Anno
1143 1361 1342 1436 1373,
1391 1355 1736 1418 indictione
1783 1361 1891 1434 11,
1943 1355 2045 1416 die
2091 1359 2175 1416 24
2224 1355 2455 1416 mensis
2502 1353 2675 1416 Maii
2717 1349 2995 1434 (ProviS.
3044 1353 3194 1416 filza
3223 1353 3307 1417 62

427 1495 489 1559 p.
537 1467 726 1556 5510).
823 1469 957 1538 Gfr.
1008 1469 1193 1556 Gaye
1240 1471 1275 1536 I
1319 1494 1381 1557 p.
1431 1471 1582 1536 525.

655 1638 797 1705 121.
892 1641 1083 1706 Anno
1134 1647 1330 1722 1374,
1381 1641 1726 1704 indictione
1773 1646 1880 1718 12,
1932 1640 2035 1702 die
2066 1643 2147 1701 20
2184 1640 2412 1702 mensio
2443 1637 2699 1723 Aprilis
2731 1634 3008 1720 (Provis.
3044 1637 3192 1702 filza
3224 1638 3309 1702 63

427 1780 488 1843 p.
541 1757 700 1840 31b,
749 1755 914 1821 fehlt
958 1756 1063 1821 bei
1113 1750 1355 1841 Gaye);
1407 1754 1512 1822 die
1559 1757 1798 1841 grosse
1831 1751 2079 1818 Glocke
2127 1752 2242 1817 des
2290 1751 2537 1817 Riccho
2587 1752 2651 1816 di
2699 1753 2881 1839 Lapo
2930 1752 3307 1818 betreffend.

653 1922 804 1993 122.
907 1927 1099 1990 Anno
1170 1919 1529 2007 1380(81),
1603 1926 1705 1988 die
1773 1922 2072 1988 XVIIII
2128 1924 2359 1986 mensis
2427 1921 2787 1987 Februarii.
2892 1919 3139 2009 (Opera
3208 1922 3312 1988 del

425 2042 682 2107 Duomo
729 2042 879 2107 filza
927 2044 1010 2107 14
1058 2065 1118 2128 p.
1174 2037 1364 2120 11b.)

631 2175 890 2242 Prefati
946 2176 1218 2262 operarii
1277 2171 1577 2259 (ecclesie
1624 2184 1844 2238 sancte
1890 2173 2212 2260 Reparate
2260 2181 2325 2237 et
2370 2172 2652 2237 hedificii
2698 2169 2973 2258 Loggie)
3026 2211 3105 2220 --
3156 2173 3311 2239 deli-

429 2293 842 2375 berauerunt,
916 2292 1117 2378 quod,
1193 2313 1337 2356 cum
1397 2313 1512 2377 per
1560 2289 1854 2355 dominos
1903 2291 2149 2376 priores
2197 2290 2430 2381 artium
2480 2297 2544 2354 et
2586 2289 3020 2374 uexilliferum
3067 2291 3312 2356 iustitie

429 2409 652 2496 populi
721 2419 786 2473 et
840 2408 1130 2472 comunis
1179 2407 1506 2473 Florentie
1563 2407 1756 2472 fuerit
1803 2407 1895 2472 eis
1944 2416 2342 2492 preceptum,
2417 2406 2589 2492 quod
2636 2428 2749 2493 pro
2798 2408 3313 2472 remuneratione

429 2525 894 2612 impedimenti,
944 2525 1098 2589 facti
1146 2547 1260 2610 per
1308 2523 1633 2610 stipendia
1679 2523 1836 2588 dicti
1884 2524 2177 2588 comunis
2226 2522 2497 2588 ecclesie
2546 2523 2754 2588 sancti
2800 2499 3091 2608 Romuli,
3142 2524 3314 2609 quod

428 2643 613 2707 fieret
659 2641 834 2705 dicta
879 2641 1153 2706 ecclesia
1199 2640 1541 2704 intonicari
1589 2639 1781 2722 intuS,
1832 2638 2138 2704 uidelicet
2182 2639 2392 2703 uoltas
2442 2649 2505 2703 et
2552 2661 2767 2703 muros
2818 2638 2987 2703 dicte
3020 2639 3309 2723 ecclesie,

432 2768 497 2822 et
551 2758 839 2822 uolentes
897 2757 1068 2822 dicto
1125 2757 1530 2821 dominorum
1577 2756 1868 2842 priorum·
1910 2756 2144 2819 artium
2192 2765 2257 2819 et
2303 2754 2660 2819 uexillifero
2709 2755 2957 2819 iustitie
3004 2754 3313 2820 obhedire

431 2873 754 2956 mandato,
807 2872 1326 2938 deliberauerunt
1371 2872 1582 2937 facere
1631 2872 1986 2936 intonicare
2037 2871 2275 2936 dictam
2323 2870 2685 2935 ecclesiam.

659 3057 808 3124 123.
903 3061 1094 3125 Anno
1165 3053 1528 3144 1380(81),
1603 3060 1705 3123 die
1771 3057 1907 3122 XX
1965 3062 2196 3123 menei&
2253 3057 2596 3122 Februarii
2660 3054 2744 3141 (a.
2796 3081 2851 3122 a.
2904 3055 2983 3123 Ο.
3030 3058 3180 3124 filza
3231 3061 3315 3125 14

432 3200 494 3264 p.
550 3163 630 3242 12
644 3171 728 3258 a).

654 3312 950 3376 Donatus
1019 3309 1341 3375 Johannis
1413 3309 1668 3374 Talenti
1739 3319 1804 3372 et
1848 3307 2181 3374 Jachobus
2229 3307 2392 3395 Lapi
2470 3343 2552 3352 —
2622 3309 3056 3394 promiserunt
3123 3308 3314 3375 dictis

436 3429 747 3514 operariis
823 3463 898 3472 —
974 3427 1329 3492 intonicare
1400 3436 1464 3490 et
1519 3425 1864 3490 candidare
1913 3424 2257 3489 ecclesiam
2301 3425 2508 3489 sancti
2554 3423 2814 3489 Romuli
2863 3425 2941 3490 de
2986 3425 3318 3491 Florentia

435 3545 518 3608 ad
566 3544 910 3626 calcinam,
959 3567 1207 3626 renam,
1258 3552 1507 3629 pontes,
1560 3551 1781 3606 acutos
1831 3541 1982 3605 dicti
2036 3541 2277 3626 operis,
2327 3542 2419 3604 ita
2465 3539 2633 3626 quod
2681 3540 2839 3605 dicti
2884 3542 3177 3626 magistri
3222 3543 3315 3606 nil

434 3670 773 3725 teneantur
837 3660 1100 3723 mictere
1151 3657 1230 3722 de
1277 3681 1523 3741 eorum,
1599 3658 1727 3722 nisi
1773 3657 1983 3722 solum
2032 3667 2094 3721 et
2143 3656 2479 3721 dumtaxat
2522 3657 2967 3742 magisterium
3014 3667 3079 3722 et
3121 3657 3315 3722 ferra-

437 3786 672 3860 menta,
723 3785 868 3841 acta
915 3775 997 3840 ad
1042 3774 1470 3840 laborandum
1518 3796 1664 3838 cum
1711 3775 1824 3857 eiS,
1877 3783 1943 3838 et
1987 3772 2110 3838 hoc
2156 3796 2270 3858 pro
2320 3775 2525 3858 pretio
2574 3784 2637 3838 et
2682 3775 2943 3839 nomine
2980 3775 3169 3861 pretii
3202 3799 3316 3863 pro

434 3893 722 3978 ipsorum
793 3893 1026 3957 salario
1097 3901 1163 3956 et
1229 3891 1522 3956 mercede
1595 3890 1940 3956 cuiuslibet
1993 3889 2278 3954 bracchii
2337 3890 2565 3974 quadri
2615 3891 3023 3956 denariorum
3072 3905 3313 3978 septem

438 4031 586 4073 cum
634 4007 925 4074 djmidio.

661 4192 811 4260 124.
905 4197 1096 4260 Anno
1144 4201 1315 4259 1380
1332 4191 1500 4280 (81),
1549 4197 1653 4260 die
1696 4187 1997 4260 XXIIII
2034 4197 2263 4258 mensis
2310 4193 2653 4259 Februarii
2696 4191 2781 4279 (a.
2816 4219 2871 4260 a.
2908 4191 2986 4260 O.
3036 4196 3185 4261 filza
3236 4199 3319 4262 14

439 4334 501 4398 p.
557 4313 639 4377 13
655 4308 748 4396 b).

659 4447 954 4512 Jachobo
1000 4447 1166 4534 Lapi
1225 4457 1290 4511 et
1345 4415 1556 4530 sotiis,
1629 4447 1986 4531 magistriS,
2038 4446 2149 4530 qui
2205 4444 2565 4509 intonicant
2612 4454 2907 4509 sanctum
2952 4443 3315 4529 Romulum,

439 4562 639 4628 libras
692 4566 778 4629 10
821 4563 864 4629 f.
912 4560 1041 4650 p.¹)

664 4749 818 4816 125.
915 4752 1104 4817 Anno
1136 4758 1336 4833 1381,
1384 4753 1728 4815 indictione
1761 4757 1824 4831 4,
1868 4751 1970 4814 die
1999 4755 2085 4813 30
2122 4752 2349 4813 mensis
2382 4749 2664 4834 Auqmti
2690 4744 2971 4829 (ProviS.
3006 4747 3154 4812 filza
3188 4745 3319 4831 71).

445 4861 578 4933 cfr.
629 4867 814 4954 Gaye
859 4869 894 4933 I
940 4892 1000 4955 p.
1052 4870 1203 4934 530.

619 5140 662 5206 ¹)
699 5137 932 5192 Hiermit
965 5138 1134 5193 horen
1173 5139 1261 5193 die
1284 5139 1628 5194 Dokumente
1670 5141 1801 5193 fiber
1825 5137 1934 5194 San
1960 5137 2191 5192 Romolo
2232 5137 2337 5194 auf.
2381 5167 2444 5179 «-
2483 5135 2602 5190 Von
2639 5153 2720 5192 nr.
2750 5138 2847 5192 127
2887 5136 2973 5189 bis
3017 5137 3117 5190 136
3144 5134 3325 5207 folgen

447 5224 535 5278 die
571 5225 872 5280 Urkunden
911 5227 1044 5281 iiber
1081 5227 1169 5281 die
1205 5227 1546 5300 Pflasterung
1583 5227 1679 5282 des
1719 5227 2167 5298 PriorenplatzeS.

551 5335 724 5388 Frey,
756 5335 828 5374 die
855 5335 1026 5385 Lossgla
1052 5336 1122 5375 dei
1149 5335 1346 5384 signori.
2793 5333 2863 5386 28
