4009 5859
2031 377 2100 384 --
2151 381 2343 388 -—-—

881 469 1036 534 126·
1135 477 1346 542 Anno
1399 489 1598 558 1385,
1645 463 1978 537 indictione
2025 470 2091 540 8,
2146 467 2250 528 die
2300 474 2339 526 7
2388 465 2609 526 menois
2638 459 2915 542 Auyusti
2958 452 3234 540 (Provis.
3269 455 3417 519 filza
3466 455 3549 518 75

667 613 726 676 p.
776 583 959 668 925).
1053 582 1194 652 Cfr.
1245 589 1448 674 Gaye
1495 595 1530 657 I
1573 615 1630 676 p.
1679 581 1824 648 531.

891 783 1034 848 12¹7.
1131 785 1322 847 Anno
1371 796 1575 868 1385,
1624 784 1959 850 indictione
1989 785 2055 859 9,
2108 782 2209 842 die
2239 785 2279 840 9
2312 781 2542 841 mensis
2576 777 2941 841 Decembris
2972 775 3249 861 (Provis.
3285 777 3433 842 filza
3466 778 3549 842 75

670 928 730 991 p.
781 902 981 966 2052.
1077 897 1262 982 Gaye
1309 897 1344 960 I
1393 921 1458 983 p.
1510 897 1686 980 531).

892 1039 1290 1105 Ornamenta
1359 1040 1646 1105 ciuitatis
1717 1047 2059 1123 querentes
2128 1037 2195 1100 in
2252 1037 2549 1102 omnibus
2597 1038 2937 1124 ampliare,
3012 1037 3255 1102 domini
3303 1038 3548 1124 priores

669 1157 899 1223 artium
970 1166 1036 1218 et
1105 1151 1429 1219 uexillifer
1500 1155 1743 1219 iustitie
1813 1152 2031 1239 populi
2102 1164 2166 1216 et
2220 1154 2508 1217 comunis
2556 1153 2881 1218 Florentie
2939 1151 3163 1218 habita
3208 1176 3401 1239 super
3446 1152 3548 1216 his

668 1269 963 1336 omnibus
1036 1292 1162 1332 una
1231 1289 1376 1330 cum
1447 1269 1649 1333 offitio
1720 1268 2303 1352 gonsaloneriorum
2362 1270 2729 1334 sotietatum
2776 1271 2993 1357 populi
3043 1281 3107 1334 et
3155 1293 3300 1334 cum
3346 1269 3549 1334 offitio

671 1388 752 1452 12
799 1385 1119 1449 bonorum
1164 1385 1450 1448 uirorum
1499 1385 1790 1448 comunis
1831 1383 1884 1448 F
1888 1384 2161 1449 lorentie
2209 1384 2675 1450 deliberatione
2724 1386 2973 1451 solenni
3023 1419 3105 1430 —-
3155 1385 3551 1449 deliberaue·

669 1511 819 1566 runt
865 1500 968 1564 die
1015 1509 1242 1564 octauo
1289 1499 1533 1564 mensis
1581 1499 1994 1582 Decembris,
2048 1523 2215 1564 anno
2264 1500 2507 1565 domini
2556 1502 2901 1566 millesimo
2949 1503 3401 1568 trecentesimo
3449 1523 3549 1565 oc-

669 1617 1028 1702 tuagesimo
1077 1616 1319 1702 quint0‚
1373 1614 1725 1679 indictione
1759 1617 1819 1698 9,
1871 1615 2045 1700 quod
2078 1617 2351 1701 operarii
2386 1639 2575 1704 opere
2609 1641 2720 1683 seu
2751 1617 2996 1683 fabrice
3028 1619 3298 1683 ecclesie
3330 1627 3551 1682 sancte

668 1733 986 1818 Reparate
1052 1742 1115 1796 et
1183 1751 1298 1795 seu
1346 1729 1468 1794 due
1527 1741 1742 1816 partes
1799 1753 2049 1815 eorum,
2123 1742 2254 1796 tam
2323 1742 2657 1820 presentes
2706 1757 2899 1820 quam
2944 1735 3053 1820 qui
3103 1758 3216 1821 pro
3265 1743 3551 1818 tempore

667 1850 923 1931 fuerint,
973 1847 1226 1934 possint
1271 1868 1347 1911 ac
1393 1848 1589 1911 etiam
1638 1849 1757 1912 sub
1805 1871 1972 1934 pena
2019 1848 2331 1914 librarum
2378 1852 2873 1935 quingentarum
2918 1851 2960 1915 f.
2996 1873 3058 1937 p.
3108 1873 3221 1936 pro
3264 1849 3553 1935 quolibet

669 1966 956 2052 ipsorum
1025 1973 1364 2027 teneantur
1434 1974 1498 2027 et
1568 1964 1847 2030 debeant
1899 1965 2113 2030 facere
2160 1976 2225 2030 et
2269 1967 2421 2030 hinc
2470 1967 2550 2031 ad
2599 1990 2712 2054 per
2759 1978 2963 2032 totum
3009 1990 3298 2033 mensem
3345 1966 3548 2049 Junii‚

669 2083 961 2167 proxime
1030 2080 1335 2163 secuturi,
1405 2079 1640 2146 fecisse
1711 2083 2103 2146 amactonari
2176 2081 2640 2147 honorabiliter
2712 2095 2775 2147 et
2824 2082 3123 2148 decenter
3169 2094 3373 2148 totam
3418 2083 3551 2169 pla-

670 2207 840 2262 team
911 2195 1132 2284 palatii
1203 2195 1609 2262 dominorum
1665 2199 1951 2284 priorum
2008 2208 2071 2263 et
2127 2198 2470 2264 uexilliferi
2519 2199 2764 2264 iustitie
2813 2211 2877 2264 et
2924 2223 3036 2264 seu
3085 2201 3305 2283 etiam,
3380 2199 3435 2264 si
3485 2199 3553 2263 in

670 2314 890 2399 aliqua
935 2323 1115 2399 parte
1166 2313 1260 2378 eis
1311 2312 1654 2397 uidebitur,
1705 2314 1916 2379 facere
1963 2315 2303 2380 lastricari.

893 2432 995 2496 Ac
1065 2430 1260 2495 etiam
1329 2428 1628 2495 ordinare
1699 2443 1762 2496 et
1820 2432 2095 2497 formam
2142 2430 2586 2496 honorabilem
2633 2454 2781 2496 cum
2827 2432 3057 2497 effectu
3105 2432 3284 2516 dare,
3359 2431 3549 2517 quod,

670 2570 869 2632 quum
916 2547 1079 2633 pluit
1125 2557 1237 2611 aut
1281 2569 1396 2632 per
1442 2546 1574 2610 uim
1625 2570 1741 2612 seu
1785 2548 2099 2633 impetum
2147 2548 2322 2612 uenti
2370 2557 2479 2612 aut
2526 2547 2653 2612 alia
2701 2571 2922 2631 causa,
2983 2572 3110 2613 non
3160 2548 3337 2635 pluat
3382 2549 3554 2612 intra

668 2663 910 2748 logiam
958 2662 1114 2726 dicti
1163 2662 1470 2744 comunis,
1523 2664 1910 2728 existentem
1958 2686 2152 2749 super
2197 2663 2372 2728 dicta
2416 2664 2645 2750 platea.

891 2780 979 2845 Et
1035 2803 1148 2865 pro
1204 2779 1596 2866 perfectione
1654 2793 1717 2845 et
1765 2782 2144 2846 executione
2192 2781 2628 2867 predictorum
2673 2791 2736 2846 et
2785 2783 3093 2866 cuiusque
3142 2803 3364 2844 eorum
3409 2801 3551 2866 pos-

673 2897 805 2961 sint
874 2896 1028 2960 dicti
1098 2896 1370 2982 operarii
1433 2905 1498 2959 et
1536 2919 1666 2961 seu
1716 2897 1839 2961 due
1884 2908 2101 2983 partes
2150 2921 2396 2981 eorum,
2472 2909 2542 2963 ut
2589 2899 2833 2962 dictum
2880 2909 3005 2982 est,
3080 2897 3441 2984 expendere
3490 2904 3554 2960 et

673 3013 837 3077 solui
884 3011 1094 3075 facere
1142 3009 1221 3074 de
1265 3011 1557 3095 pecunia,
1611 3012 1915 3097 deputata
1947 3013 2030 3076 ad
2062 3036 2322 3099 operam
2356 3023 2421 3077 et
2450 3036 2566 3077 seu
2596 3013 2907 3078 fabricam
2938 3014 3313 3099 predictam,
3352 3033 3552 3096 usque

671 3129 742 3192 in
810 3127 986 3191 illam
1057 3148 1400 3208 summam,
1476 3125 1554 3191 de
1603 3151 1730 3213 qua
1778 3152 1998 3193 eorum
2047 3129 2249 3193 offitio
2300 3117 2623 3194 uidebitur
2670 3129 3000 3217 expediret,
3053 3141 3116 3195 et
3164 3130 3551 3196 camerarius

673 3243 842 3309 dicte
891 3264 1082 3331 opere
1130 3243 1338 3327 possit
1384 3254 1448 3308 et
1480 3243 1713 3309 debeat
1760 3244 2011 3310 soluere
2060 3245 2139 3310 de
2174 3245 2347 3310 dicta
2377 3248 2651 3332 pecunia
2696 3287 2783 3298 -—
2832 3247 3030 3311 semel
3063 3257 3128 3310 et
3157 3247 3398 3333 pluries
3433 3254 3551 3309 cet.

895 3363 1058 3426 Item
1108 3359 1281 3445 quod
1327 3361 1604 3445 operarii
1659 3361 1828 3425 dicte
1877 3385 2069 3447 opere
2117 3372 2459 3426 teneantur
2527 3374 2592 3426 et
2638 3361 2920 3427 debeant
2985 3373 3400 3426 manutenere
3449 3384 3553 3426 ex-

672 3479 891 3564 pensis
937 3479 1234 3564 pecunie,
1309 3477 1392 3542 ad
1439 3477 1677 3542 dictam
1725 3501 1982 3564 operam
2035 3477 2337 3564 deputate
2386 3489 2449 3542 et
2497 3480 2691 3543 etiam
2740 3477 3121 3564 deputande,
3173 3487 3238 3541 et
3286 3477 3364 3541 de
3411 3478 3556 3562 ipsa

671 3597 946 3682 pecunia
1014 3594 1254 3658 dictam
1321 3595 1602 3680 plateam
1672 3605 2146 3658 amactonatam
2213 3594 2677 3660 honorabiliter
2746 3605 2810 3658 et
2865 3594 3103 3659 dictam
3158 3594 3437 3679 loggiam
3487 3593 3555 3656 in

673 3712 971 3777 omnibus
1019 3712 1154 3776 suis
1201 3711 1512 3796 partibuS‚
1563 3721 1753 3797 prout
1800 3712 1973 3775 omni
2023 3720 2311 3797 tempore
2360 3712 2779 3796 cognouerint
2826 3711 3129 3797 expedire
3178 3721 3296 3775 cet.

893 3826 1062 3892 Item
1109 3827 1278 3913 quod
1326 3851 1366 3891 a
1409 3826 1706 3892 kalendis
1763 3829 2006 3892 mensis
2054 3828 2244 3911 Julii,
2304 3828 2597 3914 proxime
2654 3829 2961 3911 secuturi,
3022 3828 3091 3892 in
3138 3837 3331 3892 antea
3374 3825 3555 3891 nulla

671 3966 950 4030 persona
1019 3943 1254 4008 audeat
1322 3943 1426 4008 uel
1497 3952 1826 4029 presumat
1879 3953 2099 4008 tenere
2158 3944 2261 4008 uel
2310 3945 2513 4008 teneri
2561 3943 2771 4009 facere
2820 3944 3093 4009 circulos
3142 3966 3335 4029 super
3381 3941 3555 4006 dicta

671 4062 888 4146 platea
935 4060 1056 4125 sub
1104 4082 1272 4146 pena
1318 4059 1630 4123 librarum
1677 4061 1764 4124 50
1810 4059 1852 4123 f.
1903 4081 1964 4145 p.
2016 4069 2136 4124 cet.

895 4175 1064 4240 Item
1134 4175 1304 4260 quod
1369 4175 1586 4239 nullus
1655 4175 1938 4240 uaiarius
2010 4186 2121 4239 aut
2189 4176 2563 4262 pelliparius
2633 4198 2672 4239 a
2728 4175 2918 4240 dictis
2966 4175 3263 4240 kalendis
3310 4175 3552 4239 mensis

672 4294 717 4358 J
723 4293 853 4377 ulii,
903 4293 1197 4379 proxime
1245 4291 1460 4372 futuri,
1510 4291 1578 4355 in
1625 4300 1816 4355 antea
1860 4292 2069 4378 possit
2114 4302 2226 4354 aut
2272 4291 2505 4356 debeat
2551 4302 2769 4356 tenere
2818 4301 2928 4356 aut
2973 4293 3177 4356 teneri
3209 4291 3419 4355 facere
3451 4313 3553 4356 su-

672 4432 789 4495 per
837 4408 1010 4474 dicta
1054 4408 1272 4495 platea
1317 4405 1582 4492 aliquod
1626 4406 1813 4471 fodus
1862 4407 1966 4471 uel
2015 4407 2231 4493 aliqua
2276 4408 2498 4473 fodera
2545 4431 2660 4472 seu
2706 4409 2887 4472 uaria
2932 4419 2997 4472 et
3042 4432 3157 4473 seu
3202 4408 3412 4472 facere
3446 4431 3551 4472 ex-

675 4536 890 4591 cutere
938 4547 1194 4610 quoquo
1246 4523 1435 4588 modo
1483 4523 1746 4609 aliquod
1792 4523 1980 4589 fodus
2031 4523 2134 4588 uel
2182 4523 2403 4588 fodera
2450 4525 2569 4588 sub
2600 4547 2767 4610 pena
2796 4522 3110 4588 librarum
3141 4526 3225 4588 25
3254 4523 3297 4589 f.
3333 4547 3393 4609 p.
3431 4533 3547 4586 cet.

897 4643 1064 4706 Item
1095 4639 1268 4727 quod
1302 4639 1482 4704 nulla
1511 4663 1786 4726 persona
1833 4639 2068 4704 audeat
2115 4641 2218 4704 uel
2264 4651 2593 4726 presumat
2638 4663 2679 4704 a
2725 4639 2915 4704 dictis
2962 4639 3258 4704 kalendis
3290 4639 3452 4704 Julii
3485 4640 3554 4704 in

674 4771 865 4824 antea
909 4769 1129 4823 tenere
1177 4780 1370 4843 super
1417 4756 1590 4821 dicta
1635 4757 1850 4842 platea
1897 4765 2081 4820 extra
2111 4767 2448 4842 apotecam
2478 4757 2755 4842 aliquem
2791 4757 3039 4820 cribum
3071 4752 3159 4839 (‘?)
3192 4777 3311 4820 nec
3342 4755 3553 4819 facere

675 4874 982 4939 cribinari
1014 4869 1102 4958 (?)
1135 4896 1329 4960 super
1361 4873 1502 4959 ipsa
1534 4873 1748 4959 platea
1794 4883 1979 4937 extra
2026 4883 2360 4959 apotecam
2407 4873 2525 4938 sub
2575 4895 2741 4957 pena
2786 4871 3095 4936 librarum
3145 4873 3230 4936 25
3262 4871 3306 4935 f.
3334 4895 3395 4956 p.
3431 4881 3549 4935 cet.

895 4991 1062 5054 Item
1122 4989 1298 5076 quod
1351 4990 1565 5055 nullus
1623 5013 1847 5055 currus
1903 4999 2015 5054 aut
2071 5000 2357 5054 carrecta
2412 4989 2682 5054 ducatur
2728 4999 2839 5052 aut
2885 4987 3031 5051 duci
3082 4987 3315 5052 debeat
3362 5009 3554 5072 super

674 5106 914 5172 dictam
960 5106 1244 5192 plateam
1292 5105 1412 5170 sub
1463 5128 1626 5191 pena
1671 5105 1982 5170 librarum
2032 5105 2116 5169 25
2161 5105 2205 5170 f.
2249 5129 2310 5191 p.
2362 5116 2481 5169 cet.
