4009 5859
2104 367 2233 434 138

721 545 934 612 minus
977 543 1322 628 Orlandus,
1373 544 1549 631 prior
1594 546 1803 610 sancti
1834 541 2150 632 Stephani
2199 548 2282 611 ad
2311 555 2590 632 pontem,
2641 545 2875 608 sindici
2909 543 3242 609 constituti
3277 567 3315 608 a
3345 544 3604 609 domino

718 663 1038 746 Johanne,
1090 663 1392 748 episcopo
1418 660 1811 744 Florentino,
1864 663 1945 725 ad
1980 663 2390 727 uendendum
2438 662 2516 726 de
2551 660 2947 726 casolaribus
2982 657 3237 724 Cafadii
3280 659 3434 723 dicti
3475 659 3604 746 epi-

721 787 1039 865 scopatus,
1090 778 1313 862 uigore
1362 777 1518 840 dieti
1566 776 1922 842 sindicatus
1957 778 2386 842 uendiderunt
2415 777 2729 842 Rinuccio
2763 774 3243 842 Chiarmontesi
3275 776 3352 840 de
3384 775 3602 861 Burgo

722 896 929 960 sancti
960 894 1316 976 Laurentii,
1366 894 1703 978 recipienti
1750 917 1866 980 pro
1915 917 1983 959 se
2018 905 2082 959 et
2113 893 2420 978 Tedald0,
2469 894 2662 959 fratre
2695 915 2831 976 su0,
2881 916 2997 979 pro
3030 892 3280 956 duabus
3311 891 3603 978 partibus

721 1021 785 1075 et
830 1010 1131 1094 Viuiano,
1180 1010 1315 1074 filio
1350 1009 1596 1093 Romei,
1649 1009 1803 1074 dicti
1850 1010 1995 1093 loci,
2047 1034 2162 1097 pro
2188 1010 2491 1094 Viuian0,
2541 1021 2774 1097 nepote
2821 1033 2937 1074 suo
2986 1009 3141 1074 olim
3189 1005 3436 1090 ContiS,
3486 1030 3602 1093 pro

721 1127 911 1191 tertia
955 1136 1135 1213 parte
1183 1150 1297 1213 pro
1346 1125 1629 1189 indiuiso
1675 1128 1865 1190 unius
1923 1127 2232 1192 casolaris
2281 1137 2344 1190 et
2390 1137 2576 1209 terre,
2626 1127 2834 1211 posite
2881 1126 2950 1189 in
2999 1122 3332 1209 Cafaggio.
3405 1119 3604 1187 Carta

719 1266 916 1307 manu
948 1240 1171 1306 Gratie
1205 1242 1446 1327 Arrigi,
1498 1242 1752 1325 notarii,
1804 1264 1950 1307 cum
1995 1243 2269 1307 aliorum
2307 1242 2707 1307 notariorum
2737 1242 3212 1328 subscriptione
3246 1241 3366 1305 sub
3398 1239 3602 1304 mille-

722 1360 884 1423 simo
934 1359 1083 1441 256,
1135 1358 1237 1422 die
1283 1357 1343 1422 V
1392 1355 1717 1441 Octnbris,
1768 1358 2124 1424 indictione
2177 1361 2277 1424 15.

940 1472 1057 1538 IV.
1108 1471 1406 1553 Qualiter
1438 1497 1541 1538 ser
1571 1472 1812 1557 BonuS,
1865 1475 2257 1540 camerarius
2291 1475 2536 1539 domini
2561 1475 2844 1558 Andree,
2897 1475 3183 1560 episcopi
3215 1471 3597 1557 Florentini,

722 1591 997 1655 accessit
1042 1590 1124 1654 ad
1169 1589 1401 1674 locum,
1453 1590 1562 1675 qui
1610 1589 1844 1654 dicitur
1890 1589 2251 1677 Cafagium,
2303 1601 2488 1656 extra
2533 1602 2785 1677 portam
2831 1591 2933 1656 uie
2982 1615 3166 1675 noue,
3217 1591 3330 1655 ubi
3379 1613 3598 1655 murus

719 1706 1187 1770 hedificabatur
1244 1727 1359 1791 per
1406 1706 1787 1790 magistrum
1833 1703 2112 1772 Cursum
2169 1717 2233 1771 et
2307 1707 2502 1789 alios3
2576 1708 3019 1772 denunctiauit
3065 1709 3226 1794 ipsis
3273 1707 3598 1792 magistris

720 1832 784 1885 et
844 1821 1154 1908 operariis
1213 1844 1328 1907 per
1371 1820 1613 1884 trinum
1653 1823 1900 1906 jactum
1945 1819 2232 1908 lapilli2),
2306 1846 2388 1887 ne
2447 1824 2716 1888 ulterius
2772 1824 2841 1887 in
2903 1823 3074 1888 dicto
3130 1846 3322 1909 opere
3379 1845 3599 1909 proce-

721 1937 925 2001 datur.
1021 1934 1221 2001 Carta
1266 1960 1462 2001 manu
1491 1937 1691 2002 Bardi
1727 1935 2065 2021 Gherardi,
2116 1939 2371 2022 notarii,
2423 1941 2544 2004 sub
2582 1941 2754 2005 1290
2784 1937 2945 2024 (91),
2995 1913 3348 2004 indictione
3379 1941 3440 2023 4,
3494 1939 3597 2002 die

721 2055 806 2119 26
853 2053 1096 2119 mensis
1142 2053 1459 2137 Januarii,
1511 2065 1575 2118 et
1620 2065 1720 2118 est
1764 2055 1833 2118 in
1880 2055 2054 2119 dicto
2102 2055 2351 2120 ruotolo
2403 2056 2577 2120 dicta
2623 2067 2818 2121 carta.

942 2168 1026 2235 V.
1095 2167 1393 2249 Qualiter
1439 2169 1737 2235 dominus
1788 2167 2002 2234 Guido
2051 2171 2381 2256 Nouellus‚
2445 2195 2678 2256 comes,
2730 2182 3014 2256 potestas
3061 2172 3114 2236 F
3118 2172 3415 2254 lorentie,
3488 2194 3594 2235 ex-

716 2285 1018 2349 banniuit
1064 2285 1377 2371 quosdam
1422 2285 1491 2350 in
1541 2285 1712 2350 dicto
1758 2286 2187 2352 instrumento
2236 2297 2593 2353 contentos,
2675 2286 2875 2354 Carta
2920 2313 3112 2354 manu
3145 2287 3324 2353 Bene
3357 2289 3436 2352 de
3468 2287 3595 2352 Va-

718 2401 868 2486 glia,
918 2402 1173 2484 notarii,
1226 2403 1347 2467 sub
1387 2403 1560 2468 1260
1605 2399 1767 2486 (61),
1820 2403 1923 2467 die
1974 2407 2052 2469 17
2089 2403 2449 2488 Februarii,
2502 2413 2724 2491 quarte
2772 2404 3167 2470 indictionis.

939 2515 1056 2582 VI.
1127 2514 1425 2596 Qualiter
1490 2517 1777 2583 Jacobus
1849 2519 2002 2583 olim
2071 2517 2270 2584 Guidi
2325 2520 2673 2585 Artiniccii
2730 2521 2996 2587 donauit
3048 2520 3425 2607 Importuno
3473 2518 3596 2583 La-

714 2633 905 2698 nonis
938 2642 1002 2697 et
1034 2633 1178 2698 aliis
1210 2634 1619 2698 medietatem
1651 2635 1921 2700 duorum
1954 2636 2359 2720 casolarium,
2395 2638 2753 2722 positorum
2784 2659 2982 2723 prope
3014 2649 3266 2722 portam
3295 2635 3593 2718 Rossam,

716 2759 779 2813 et
826 2758 1033 2813 certas
1080 2759 1305 2833 terras,
1356 2750 1600 2836 positas
1648 2751 1717 2814 in
1750 2748 2020 2836 Cafagio
2069 2753 2376 2838 episcopi.
2449 2750 2647 2817 Carta
2693 2777 2889 2817 manu
2917 2753 3287 2836 Isimbardi,
3336 2753 3590 2838 not-arii,

716 2887 862 2928 cum
890 2865 1171 2951 plurium
1201 2865 1474 2930 aliorum
1504 2867 1903 2930 notariorum
1934 2867 2408 2953 subscriptione
2442 2869 2560 2932 sub
2600 2869 2790 2953 1215,
2839 2879 3066 2955 quarto
3097 2891 3303 2933 nonas
3335 2867 3389 2930 F
3393 2868 3590 2951 ebrai,

714 2980 1067 3044 indictione
1114 2982 1157 3045 4
1202 2977 1291 3064 (d.
1324 2981 1389 3045 h.
1439 3004 1544 3045 am
1591 2983 1651 3046 2.
1686 2981 1739 3045 F
1743 2984 1976 3047 ebruar
2025 2981 2244 3066 1216).

934 3119 999 3182 p.
1033 3103 1121 3160 27
1132 3097 1188 3161 b.
1271 3094 1425 3161 VH.
1496 3094 1793 3176 Qualiter
1838 3098 2128 3178 Dauicus
2188 3099 2343 3164 olim
2387 3099 2758 3164 Melliorelli
2816 3100 2894 3164 de
2943 3101 3007 3164 la
3052 3098 3227 3164 Tosa
3269 3100 3485 3164 finiuit
3531 3108 3595 3163 et

712 3211 1015 3276 refutauit
1061 3235 1136 3276 ac
1184 3213 1380 3276 etiam
1426 3213 1676 3278 remisit
1721 3214 2080 3300 presbitero
2114 3214 2504 3300 Paltoneri0‚
2553 3217 2786 3281 rectori
2827 3217 3098 3281 ecclesie
3132 3217 3339 3281 sancti
3371 3211 3592 3279 Salua-

715 3327 890 3411 toris,
942 3329 1280 3414 recipienti
1312 3351 1427 3416 pro
1460 3330 1721 3394 domino
1754 3330 2075 3416 Johanne,
2127 3333 2428 3418 episcopo
2461 3331 2514 3395 F
2519 3333 2857 3417 lorentin0,
2907 3355 3101 3396 unam
3133 3333 3374 3418 petiam
3404 3340 3589 3414 terre,

711 3443 921 3528 posite
967 3445 1036 3507 in
1084 3441 1396 3530 Cafaggio
1442 3445 1752 3531 predicto,
1826 3444 2026 3512 Carta
2069 3472 2267 3513 manu
2297 3448 2600 3514 Restauri
2632 3473 2778 3514 cum
2808 3450 3280 3535 subscriptione
3312 3447 3594 3535 plurium

715 3559 988 3624 aliorum
1036 3562 1156 3626 sub
1194 3563 1384 3646 1214,
1435 3563 1625 3628 tertio
1672 3565 1862 3628 nonis
1912 3561 2333 3649 Septembris,
2385 3566 2740 3631 indictione
2775 3568 2834 3631 2.

934 3675 1058 3741 ΙΧ.
1134 3673 1432 3755 Qualiter
1464 3676 1824 3744 Palmerius
1858 3691 1922 3744 et
1954 3677 2376 3764 Giambonus,
2426 3682 2676 3767 fratres,
2723 3683 2844 3746 filii
2877 3681 3229 3748 Giamboni
3259 3680 3587 3764 Artinisii,

712 3793 927 3858 finiuit
950 3793 1207 3859 domino
1232 3793 1522 3858 Johanni
1554 3794 1857 3881 episcopo
1890 3795 2286 3880 Florentino,
2325 3799 2582 3884 suisque
2617 3799 3099 3864 successoribus
3126 3821 3320 3862 unam
3351 3798 3592 3883 petiam

709 3919 898 3994 terre,
947 3911 1154 3996 posite
1202 3911 1271 3974 in
1304 3908 1616 3996 Cafaggio
1662 3935 1861 3999 prope
1908 3937 2128 3979 muros
2173 3937 2376 3980 nouos
2411 3915 2693 3981 ciuitatis
2725 3915 2778 3979 F
2781 3916 3071 3981 lorentie.
3167 3914 3366 3981 Carta
3395 3939 3590 3981 manu

708 4025 1031 4111 Restauri,
1079 4027 1335 4110 notarii,
1381 4050 1526 4092 cum
1558 4029 1962 4113 quorundam
1995 4030 2269 4095 aliorum
2299 4033 2695 4096 notariorum
2727 4033 3201 4118 subscriptione
3234 4034 3354 4097 sub
3395 4033 3584 4116 1216,

715 4152 897 4207 sexto
945 4166 1150 4208 nonas
1197 4143 1371 4228 maii,
1423 4143 1777 4209 indictione
1824 4147 1867 4209 4
1913 4142 2004 4229 (d.
2038 4145 2100 4211 h.
2151 4169 2257 4210 am
2304 4148 2363 4212 2.
2398 4144 2582 4230 Mai).

928 4259 1052 4324 XI.
1125 4256 1422 4338 Qualiter
1452 4259 1792 4344 RaneriuS,
1841 4261 2014 4326 filius
2064 4261 2339 4326 condam
2369 4261 2695 4347 Bicocchi,
2747 4274 2810 4328 et
2855 4264 3070 4350 plures
3114 4263 3243 4347 alii,
3295 4262 3586 4327 uolentes

706 4375 916 4439 facere
987 4376 1242 4459 murari,
1315 4387 1630 4442 uenerunt
1700 4377 1781 4441 ad
1851 4377 2194 4462 magistros
2249 4401 2604 4462 murorum,
2677 4380 2788 4466 qui
2835 4380 3249 4465 designarent
3303 4389 3476 4445 ortos
3524 4390 3588 4443 et

706 4493 928 4572 foueas
976 4493 1147 4556 inter
1192 4493 1634 4580 episcopatum
1681 4505 1744 4558 et
1788 4494 2083 4559 homines
2133 4495 2212 4558 de
2267 4492 2607 4581 CafaggiO,
2643 4497 2779 4586 ⁴qui
2825 4496 3118 4582 magistri
3166 4495 3438 4581 predicti
3487 4517 3586 4558 as-

708 4607 1127 4692 signauerunt
1173 4617 1237 4672 et
1290 4609 1815 4694 terminauerunt,
1890 4621 1957 4674 ut
2025 4611 2094 4674 in
2151 4610 2321 4674 dicto
2392 4611 2820 4676 instrumento
2889 4611 3143 4697 plenius
3201 4611 3583 4674 continetur.

884 4835 926 4903 ¹)
978 4835 1163 4889 Durch
1211 4836 1365 4890 einen
1414 4835 1766 4910 dreimaligen
1802 4837 2096 4893 Steinwurf
2125 4843 2435 4910 untersagte
2473 4855 2530 4892 er
2565 4837 2673 4891 den
2707 4837 2985 4909 Fortgang
3030 4837 3128 4892 des
3165 4837 3362 4893 Baues.
3435 4825 3588 4891 Uber

712 4919 890 4976 dieses
928 4922 1063 4978 auch
1098 4924 1189 4978 bei
1228 4923 1523 4979 deutschen
1558 4925 2154 4982 Rechtsverhaltnissen
2193 4926 2428 4982 ehemals
2468 4927 2682 4982 fibliche
2719 4925 2970 4998 Symbol,
3010 4925 3116 4979 den
3155 4925 3464 4996 Steinwurf,
3505 4926 3584 4980 als

706 5009 1011 5081 Einspruch
1062 5031 1234 5084 gagen
1280 5013 1490 5085 ‚jeden,
1539 5014 1636 5069 der
1678 5015 2054 5086 unberechtigt
2099 5016 2254 5069 einen
2288 5017 2409 5070 Bau
2455 5014 2734 5070 auffiihrte‘
2784 5015 2878 5070 auf
2907 5015 3172 5070 fremdem
3209 5015 3432 5070 Grande
3473 5014 3586 5068 und

703 5098 921 5168 Boden,
957 5099 1181 5155 handelt
1205 5101 1535 5156 ausffihrlich
1563 5103 1737 5157 Jacob
1766 5103 2001 5157 Grimm:
2038 5102 2312 5157 Deutsche
2336 5103 2901 5175 Rechtsalterthfimer‚
2940 5107 2989 5161 3.
3015 5105 3261 5177 Auflage‚
3291 5105 3585 5176 Gottingen

706 5187 841 5242 1881
880 5206 936 5260 p.
965 5190 1065 5244 181
1103 5189 1139 5246 f.
1215 5188 1325 5246 cfr.
1368 5190 1508 5244 auch
1550 5191 1683 5244 fiber
1720 5190 1825 5245 den
1863 5191 2069 5261 ,Wurf‘
2108 5191 2187 5246 als
2225 5191 2375 5246 Mass
2415 5193 2801 5248 ebendaselbst
2835 5212 2890 5265 p.
2919 5195 2990 5249 55
3013 5194 3085 5252 ff..
