<?xml version="1.0" encoding="UTF-8"?>
<!DOCTYPE html PUBLIC "-//W3C//DTD XHTML 1.0 Transitional//EN"
    "http://www.w3.org/TR/xhtml1/DTD/xhtml1-transitional.dtd">
<html xmlns="http://www.w3.org/1999/xhtml" xml:lang="en" lang="en">
 <head>
  <title>
</title>
<meta http-equiv="Content-Type" content="text/html;charset=utf-8" />
  <meta name='ocr-system' content='tesseract 3.04.00' />
  <meta name='ocr-capabilities' content='ocr_page ocr_carea ocr_par ocr_line ocrx_word'/>
</head>
<body>
  <div class='ocr_page' id='page_1' title='image "./dieloggiadeilan00unkngoog_0265.png"; bbox 0 0 4009 5859; ppageno 0'>
   <div class='ocr_carea' id='block_1_1' title="bbox 1857 411 2129 503">
    <p class='ocr_par' dir='ltr' id='par_1_1' title="bbox 1857 411 2129 503">
     <span class='ocr_line' id='line_1_1' title="bbox 1857 411 2129 503; baseline 0.007 -2"><span class='ocrx_word' id='word_1_1' title='bbox 1857 411 2129 503; x_wconf 63' lang='lat'>249—</span> 
     </span>
    </p>
   </div>
   <div class='ocr_carea' id='block_1_2' title="bbox 1709 496 1901 504">
    <p class='ocr_par' dir='ltr' id='par_1_2' title="bbox 1709 496 1901 504">
     <span class='ocr_line' id='line_1_2' title="bbox 1709 496 1901 504; baseline 0 5355"><span class='ocrx_word' id='word_1_2' title='bbox 1709 496 1901 504; x_wconf 95' lang='lat' dir='ltr'> </span> 
     </span>
    </p>
   </div>
   <div class='ocr_carea' id='block_1_3' title="bbox 478 586 3369 5084">
    <p class='ocr_par' dir='ltr' id='par_1_3' title="bbox 478 586 3357 790">
     <span class='ocr_line' id='line_1_3' title="bbox 699 586 3357 674; baseline -0 -21"><span class='ocrx_word' id='word_1_3' title='bbox 699 589 990 653; x_wconf 88' lang='lat' dir='ltr'>Antonio</span> <span class='ocrx_word' id='word_1_4' title='bbox 1015 587 1284 672; x_wconf 87' lang='lat' dir='ltr'>Bartoli,</span> <span class='ocrx_word' id='word_1_5' title='bbox 1321 587 1782 674; x_wconf 85' lang='lat' dir='ltr'>scarpellatori,</span> <span class='ocrx_word' id='word_1_6' title='bbox 1819 611 1933 674; x_wconf 84' lang='lat' dir='ltr'>pro</span> <span class='ocrx_word' id='word_1_7' title='bbox 1966 587 2286 653; x_wconf 83' lang='lat' dir='ltr'>laborerio</span> <span class='ocrx_word' id='word_1_8' title='bbox 2320 589 2581 652; x_wconf 86' lang='lat' dir='ltr'>oratorii</span> <span class='ocrx_word' id='word_1_9' title='bbox 2606 586 2752 653; x_wconf 85' lang='lat' dir='ltr'>Orti</span> <span class='ocrx_word' id='word_1_10' title='bbox 2784 590 2992 653; x_wconf 85' lang='lat' dir='ltr'>sancti</span> <span class='ocrx_word' id='word_1_11' title='bbox 3016 588 3357 654; x_wconf 84' lang='lat' dir='ltr'>Michaelis</span> 
     </span>
     <span class='ocr_line' id='line_1_4' title="bbox 478 704 1636 790; baseline 0 -22"><span class='ocrx_word' id='word_1_12' title='bbox 478 727 560 768; x_wconf 82' lang='lat' dir='ltr'>ex</span> <span class='ocrx_word' id='word_1_13' title='bbox 608 727 804 770; x_wconf 86' lang='lat' dir='ltr'>causa</span> <span class='ocrx_word' id='word_1_14' title='bbox 849 705 1052 769; x_wconf 89' lang='lat' dir='ltr'>mutui</span> <span class='ocrx_word' id='word_1_15' title='bbox 1099 705 1301 769; x_wconf 86' lang='lat' dir='ltr'>libras</span> <span class='ocrx_word' id='word_1_16' title='bbox 1349 706 1438 770; x_wconf 84' lang='lat'>40</span> <span class='ocrx_word' id='word_1_17' title='bbox 1482 704 1525 768; x_wconf 84' lang='lat' dir='ltr'>f.</span> <span class='ocrx_word' id='word_1_18' title='bbox 1575 727 1636 790; x_wconf 90' lang='lat' dir='ltr'>p.</span> 
     </span>
    </p>

    <p class='ocr_par' dir='ltr' id='par_1_4' title="bbox 479 817 3359 1021">
     <span class='ocr_line' id='line_1_5' title="bbox 699 817 3359 908; baseline 0 -24"><span class='ocrx_word' id='word_1_19' title='bbox 699 821 992 885; x_wconf 89' lang='lat' dir='ltr'>Antonio</span> <span class='ocrx_word' id='word_1_20' title='bbox 1023 820 1069 884; x_wconf 85' lang='lat' dir='ltr'>J</span> <span class='ocrx_word' id='word_1_21' title='bbox 1072 819 1348 886; x_wconf 87' lang='lat' dir='ltr'>ohannis</span> <span class='ocrx_word' id='word_1_22' title='bbox 1395 843 1511 906; x_wconf 88' lang='lat' dir='ltr'>pro</span> <span class='ocrx_word' id='word_1_23' title='bbox 1560 854 1644 865; x_wconf 94' lang='lat'><strong>—</strong></span> <span class='ocrx_word' id='word_1_24' title='bbox 1693 820 2105 886; x_wconf 83' lang='lat' dir='ltr'>lastricatura</span> <span class='ocrx_word' id='word_1_25' title='bbox 2147 819 2598 884; x_wconf 81' lang='lat' dir='ltr'><strong>bracchiorum</strong></span> <span class='ocrx_word' id='word_1_26' title='bbox 2630 817 2838 905; x_wconf 60' lang='lat'>283⁹).</span> <span class='ocrx_word' id='word_1_27' title='bbox 2870 820 2939 884; x_wconf 89' lang='lat' dir='ltr'>in</span> <span class='ocrx_word' id='word_1_28' title='bbox 2968 820 3183 908; x_wconf 84' lang='lat' dir='ltr'>platea</span> <span class='ocrx_word' id='word_1_29' title='bbox 3215 819 3359 887; x_wconf 82' lang='lat' dir='ltr'>Orti</span> 
     </span>
     <span class='ocr_line' id='line_1_6' title="bbox 479 934 2745 1021; baseline 0 -21"><span class='ocrx_word' id='word_1_30' title='bbox 479 937 686 1000; x_wconf 87' lang='lat' dir='ltr'>sancti</span> <span class='ocrx_word' id='word_1_31' title='bbox 733 935 1075 1001; x_wconf 86' lang='lat' dir='ltr'>Michaelis</span> <span class='ocrx_word' id='word_1_32' title='bbox 1127 971 1210 981; x_wconf 90' lang='lat'>—-</span> <span class='ocrx_word' id='word_1_33' title='bbox 1260 936 1459 1002; x_wconf 87' lang='lat' dir='ltr'>libras</span> <span class='ocrx_word' id='word_1_34' title='bbox 1509 938 1613 1021; x_wconf 83' lang='lat'>21,</span> <span class='ocrx_word' id='word_1_35' title='bbox 1666 936 1906 1002; x_wconf 88' lang='lat' dir='ltr'>solidos</span> <span class='ocrx_word' id='word_1_36' title='bbox 1953 938 1997 1000; x_wconf 83' lang='lat'>4</span> <span class='ocrx_word' id='word_1_37' title='bbox 2045 944 2109 1000; x_wconf 86' lang='lat' dir='ltr'>et</span> <span class='ocrx_word' id='word_1_38' title='bbox 2157 935 2455 1000; x_wconf 87' lang='lat' dir='ltr'>denarios</span> <span class='ocrx_word' id='word_1_39' title='bbox 2504 937 2545 1000; x_wconf 86' lang='grc'>6</span> <span class='ocrx_word' id='word_1_40' title='bbox 2590 934 2633 1000; x_wconf 90' lang='lat' dir='ltr'>f.</span> <span class='ocrx_word' id='word_1_41' title='bbox 2684 958 2745 1021; x_wconf 92' lang='lat' dir='ltr'>p.</span> 
     </span>
    </p>

    <p class='ocr_par' dir='ltr' id='par_1_5' title="bbox 700 1047 2385 1137">
     <span class='ocr_line' id='line_1_7' title="bbox 700 1047 2385 1137; baseline -0.001 -21"><span class='ocrx_word' id='word_1_42' title='bbox 700 1052 830 1116; x_wconf 76' lang='lat' dir='ltr'>Die</span> <span class='ocrx_word' id='word_1_43' title='bbox 876 1058 959 1115; x_wconf 89' lang='grc'>13</span> <span class='ocrx_word' id='word_1_44' title='bbox 1008 1055 1238 1116; x_wconf 68' lang='lat' dir='ltr'>mensis</span> <span class='ocrx_word' id='word_1_45' title='bbox 1284 1052 1668 1117; x_wconf 69' lang='lat' dir='ltr'>Nouembris</span> <span class='ocrx_word' id='word_1_46' title='bbox 1715 1049 1800 1136; x_wconf 89' lang='lat' dir='ltr'>(a.</span> <span class='ocrx_word' id='word_1_47' title='bbox 1852 1076 1908 1116; x_wconf 90' lang='lat' dir='ltr'>a.</span> <span class='ocrx_word' id='word_1_48' title='bbox 1959 1050 2039 1117; x_wconf 92' lang='grc' dir='ltr'>Ο.</span> <span class='ocrx_word' id='word_1_49' title='bbox 2088 1075 2151 1137; x_wconf 91' lang='lat' dir='ltr'>p.</span> <span class='ocrx_word' id='word_1_50' title='bbox 2203 1047 2385 1134; x_wconf 61' lang='lat'><strong>2322).</strong></span> 
     </span>
    </p>

    <p class='ocr_par' dir='ltr' id='par_1_6' title="bbox 484 1164 3357 1370">
     <span class='ocr_line' id='line_1_8' title="bbox 695 1164 3357 1254; baseline 0 -22"><span class='ocrx_word' id='word_1_51' title='bbox 695 1167 986 1232; x_wconf 88' lang='lat' dir='ltr'>Antonio</span> <span class='ocrx_word' id='word_1_52' title='bbox 1043 1167 1293 1232; x_wconf 84' lang='lat' dir='ltr'>Bartoli</span> <span class='ocrx_word' id='word_1_53' title='bbox 1350 1192 1431 1233; x_wconf 84' lang='lat' dir='ltr'>ex</span> <span class='ocrx_word' id='word_1_54' title='bbox 1489 1191 1684 1233; x_wconf 86' lang='lat' dir='ltr'>causa</span> <span class='ocrx_word' id='word_1_55' title='bbox 1741 1169 1944 1232; x_wconf 88' lang='lat' dir='ltr'>mutui</span> <span class='ocrx_word' id='word_1_56' title='bbox 2005 1191 2121 1254; x_wconf 90' lang='lat' dir='ltr'>pro</span> <span class='ocrx_word' id='word_1_57' title='bbox 2176 1167 2495 1232; x_wconf 87' lang='lat' dir='ltr'>laborerio</span> <span class='ocrx_word' id='word_1_58' title='bbox 2555 1164 2701 1232; x_wconf 91' lang='lat' dir='ltr'>Orti</span> <span class='ocrx_word' id='word_1_59' title='bbox 2761 1167 2969 1232; x_wconf 88' lang='lat' dir='ltr'>sancti</span> <span class='ocrx_word' id='word_1_60' title='bbox 3016 1166 3357 1232; x_wconf 81' lang='lat' dir='ltr'>Michaelis</span> 
     </span>
     <span class='ocr_line' id='line_1_9' title="bbox 484 1283 1146 1370; baseline 0.003 -24"><span class='ocrx_word' id='word_1_61' title='bbox 484 1319 566 1328; x_wconf 91' lang='grc'>--</span> <span class='ocrx_word' id='word_1_62' title='bbox 612 1283 812 1348; x_wconf 86' lang='lat' dir='ltr'>libras</span> <span class='ocrx_word' id='word_1_63' title='bbox 860 1285 948 1349; x_wconf 87' lang='lat'>50</span> <span class='ocrx_word' id='word_1_64' title='bbox 991 1283 1035 1348; x_wconf 92' lang='lat' dir='ltr'>f.</span> <span class='ocrx_word' id='word_1_65' title='bbox 1085 1305 1146 1370; x_wconf 91' lang='lat' dir='ltr'>p.</span> 
     </span>
    </p>

    <p class='ocr_par' dir='ltr' id='par_1_7' title="bbox 478 1398 3358 1604">
     <span class='ocr_line' id='line_1_10' title="bbox 703 1398 3358 1488; baseline 0.001 -24"><span class='ocrx_word' id='word_1_66' title='bbox 703 1399 992 1464; x_wconf 79' lang='lat' dir='ltr'>Antonio</span> <span class='ocrx_word' id='word_1_67' title='bbox 1037 1399 1284 1465; x_wconf 89' lang='lat' dir='ltr'>Mazini</span> <span class='ocrx_word' id='word_1_68' title='bbox 1343 1409 1409 1465; x_wconf 89' lang='lat' dir='ltr'>et</span> <span class='ocrx_word' id='word_1_69' title='bbox 1452 1401 1635 1466; x_wconf 83' lang='lat' dir='ltr'>sotiis</span> <span class='ocrx_word' id='word_1_70' title='bbox 1683 1425 1798 1488; x_wconf 90' lang='lat' dir='ltr'>pro</span> <span class='ocrx_word' id='word_1_71' title='bbox 1849 1425 2073 1467; x_wconf 90' lang='lat' dir='ltr'>eorum</span> <span class='ocrx_word' id='word_1_72' title='bbox 2118 1402 2367 1465; x_wconf 87' lang='lat' dir='ltr'>ratione</span> <span class='ocrx_word' id='word_1_73' title='bbox 2415 1400 2484 1464; x_wconf 90' lang='lat' dir='ltr'>in</span> <span class='ocrx_word' id='word_1_74' title='bbox 2530 1398 2697 1464; x_wconf 92' lang='lat' dir='ltr'>libro</span> <span class='ocrx_word' id='word_1_75' title='bbox 2745 1399 2853 1464; x_wconf 85' lang='lat' dir='ltr'>kk.</span> <span class='ocrx_word' id='word_1_76' title='bbox 2904 1423 2944 1463; x_wconf 88' lang='lat' dir='ltr'>a</span> <span class='ocrx_word' id='word_1_77' title='bbox 2990 1422 3043 1466; x_wconf 84' lang='lat' dir='ltr'>e.</span> <span class='ocrx_word' id='word_1_78' title='bbox 3072 1402 3177 1486; x_wconf 86' lang='lat'>69,</span> <span class='ocrx_word' id='word_1_79' title='bbox 3251 1402 3358 1467; x_wconf 89' lang='lat' dir='ltr'>flo-</span> 
     </span>
     <span class='ocr_line' id='line_1_11' title="bbox 478 1514 1819 1604; baseline 0.001 -25"><span class='ocrx_word' id='word_1_80' title='bbox 478 1537 674 1580; x_wconf 85' lang='lat' dir='ltr'>renos</span> <span class='ocrx_word' id='word_1_81' title='bbox 728 1517 828 1600; x_wconf 88' lang='lat'>19,</span> <span class='ocrx_word' id='word_1_82' title='bbox 879 1515 1080 1582; x_wconf 86' lang='lat' dir='ltr'>libras</span> <span class='ocrx_word' id='word_1_83' title='bbox 1129 1518 1188 1600; x_wconf 87' lang='grc'>2,</span> <span class='ocrx_word' id='word_1_84' title='bbox 1241 1514 1484 1581; x_wconf 89' lang='lat' dir='ltr'>solidos</span> <span class='ocrx_word' id='word_1_85' title='bbox 1535 1519 1620 1582; x_wconf 88' lang='lat'>10</span> <span class='ocrx_word' id='word_1_86' title='bbox 1663 1517 1708 1583; x_wconf 85' lang='lat' dir='ltr'>f.</span> <span class='ocrx_word' id='word_1_87' title='bbox 1759 1541 1819 1604; x_wconf 90' lang='lat' dir='ltr'>p.</span> 
     </span>
    </p>

    <p class='ocr_par' dir='ltr' id='par_1_8' title="bbox 710 1628 2126 1718">
     <span class='ocr_line' id='line_1_12' title="bbox 710 1628 2126 1718; baseline 0.001 -22"><span class='ocrx_word' id='word_1_88' title='bbox 710 1632 840 1696; x_wconf 81' lang='lat' dir='ltr'>Die</span> <span class='ocrx_word' id='word_1_89' title='bbox 884 1631 1020 1697; x_wconf 87' lang='lat' dir='ltr'>XX</span> <span class='ocrx_word' id='word_1_90' title='bbox 1061 1633 1444 1698; x_wconf 71' lang='lat' dir='ltr'>Nouembris</span> <span class='ocrx_word' id='word_1_91' title='bbox 1489 1630 1574 1716; x_wconf 86' lang='lat' dir='ltr'>(a.</span> <span class='ocrx_word' id='word_1_92' title='bbox 1625 1657 1681 1698; x_wconf 87' lang='lat' dir='ltr'>a.</span> <span class='ocrx_word' id='word_1_93' title='bbox 1718 1632 1796 1698; x_wconf 92' lang='grc' dir='ltr'>Ο.</span> <span class='ocrx_word' id='word_1_94' title='bbox 1847 1657 1907 1718; x_wconf 89' lang='lat' dir='ltr'>p.</span> <span class='ocrx_word' id='word_1_95' title='bbox 1942 1628 2126 1715; x_wconf 80' lang='lat' dir='ltr'>25a).</span> 
     </span>
    </p>

    <p class='ocr_par' dir='ltr' id='par_1_9' title="bbox 481 1746 3369 3228">
     <span class='ocr_line' id='line_1_13' title="bbox 704 1746 3357 1835; baseline 0.002 -24"><span class='ocrx_word' id='word_1_96' title='bbox 704 1746 945 1812; x_wconf 85' lang='lat' dir='ltr'>Prefati</span> <span class='ocrx_word' id='word_1_97' title='bbox 993 1749 1266 1835; x_wconf 87' lang='lat' dir='ltr'>operarii</span> <span class='ocrx_word' id='word_1_98' title='bbox 1303 1783 1406 1832; x_wconf 93' lang='lat'>-·‚</span> <span class='ocrx_word' id='word_1_99' title='bbox 1459 1749 1868 1814; x_wconf 81' lang='lat' dir='ltr'>aduertentes</span> <span class='ocrx_word' id='word_1_100' title='bbox 1916 1748 2243 1834; x_wconf 87' lang='lat' dir='ltr'>quandam</span> <span class='ocrx_word' id='word_1_101' title='bbox 2273 1748 2814 1832; x_wconf 81' lang='lat' dir='ltr'>reformationem,</span> <span class='ocrx_word' id='word_1_102' title='bbox 2868 1749 3108 1814; x_wconf 87' lang='lat' dir='ltr'>editam</span> <span class='ocrx_word' id='word_1_103' title='bbox 3156 1751 3260 1815; x_wconf 90' lang='lat' dir='ltr'>die</span> <span class='ocrx_word' id='word_1_104' title='bbox 3289 1752 3357 1818; x_wconf 92' lang='lat' dir='ltr'><strong>X</strong></span> 
     </span>
     <span class='ocr_line' id='line_1_14' title="bbox 483 1860 3363 1953; baseline 0.002 -26"><span class='ocrx_word' id='word_1_105' title='bbox 483 1863 725 1928; x_wconf 87' lang='lat' dir='ltr'>mensis</span> <span class='ocrx_word' id='word_1_106' title='bbox 775 1860 1155 1948; x_wconf 86' lang='lat' dir='ltr'>Ottobris¹),</span> <span class='ocrx_word' id='word_1_107' title='bbox 1205 1866 1272 1929; x_wconf 87' lang='lat' dir='ltr'>in</span> <span class='ocrx_word' id='word_1_108' title='bbox 1322 1888 1448 1951; x_wconf 92' lang='lat' dir='ltr'>quo</span> <span class='ocrx_word' id='word_1_109' title='bbox 1497 1866 1890 1946; x_wconf 82' lang='lat' dir='ltr'>continetur,</span> <span class='ocrx_word' id='word_1_110' title='bbox 1952 1865 2229 1950; x_wconf 87' lang='lat' dir='ltr'>qualiter</span> <span class='ocrx_word' id='word_1_111' title='bbox 2283 1864 2439 1928; x_wconf 87' lang='lat' dir='ltr'>dicti</span> <span class='ocrx_word' id='word_1_112' title='bbox 2492 1865 2768 1950; x_wconf 85' lang='lat' dir='ltr'>operarii</span> <span class='ocrx_word' id='word_1_113' title='bbox 2816 1888 2931 1929; x_wconf 90' lang='lat' dir='ltr'>seu</span> <span class='ocrx_word' id='word_1_114' title='bbox 2977 1865 3100 1930; x_wconf 91' lang='lat' dir='ltr'>due</span> <span class='ocrx_word' id='word_1_115' title='bbox 3146 1877 3363 1953; x_wconf 86' lang='lat' dir='ltr'>partes</span> 
     </span>
     <span class='ocr_line' id='line_1_15' title="bbox 483 1978 3363 2068; baseline 0.002 -25"><span class='ocrx_word' id='word_1_116' title='bbox 483 2002 703 2045; x_wconf 88' lang='lat' dir='ltr'>eorum</span> <span class='ocrx_word' id='word_1_117' title='bbox 752 1978 996 2044; x_wconf 88' lang='lat' dir='ltr'>debent</span> <span class='ocrx_word' id='word_1_118' title='bbox 1042 1990 1108 2045; x_wconf 81' lang='lat' dir='ltr'>et</span> <span class='ocrx_word' id='word_1_119' title='bbox 1147 1991 1493 2045; x_wconf 83' lang='lat' dir='ltr'>teneantur</span> <span class='ocrx_word' id='word_1_120' title='bbox 1535 1981 1745 2046; x_wconf 85' lang='lat' dir='ltr'>facere</span> <span class='ocrx_word' id='word_1_121' title='bbox 1795 1981 2084 2046; x_wconf 89' lang='lat' dir='ltr'>construi</span> <span class='ocrx_word' id='word_1_122' title='bbox 2116 1980 2440 2066; x_wconf 87' lang='lat' dir='ltr'>quendam</span> <span class='ocrx_word' id='word_1_123' title='bbox 2485 2004 2740 2045; x_wconf 89' lang='lat' dir='ltr'>murum</span> <span class='ocrx_word' id='word_1_124' title='bbox 2772 1981 2853 2045; x_wconf 88' lang='lat' dir='ltr'>ab</span> <span class='ocrx_word' id='word_1_125' title='bbox 2888 1982 3122 2068; x_wconf 88' lang='lat' dir='ltr'>angulo</span> <span class='ocrx_word' id='word_1_126' title='bbox 3156 1984 3363 2048; x_wconf 87' lang='lat' dir='ltr'>sancti</span> 
     </span>
     <span class='ocr_line' id='line_1_16' title="bbox 482 2094 3364 2183; baseline 0.002 -24"><span class='ocrx_word' id='word_1_127' title='bbox 482 2094 742 2161; x_wconf 90' lang='lat' dir='ltr'>Romoli</span> <span class='ocrx_word' id='word_1_128' title='bbox 789 2096 871 2160; x_wconf 86' lang='lat' dir='ltr'>ad</span> <span class='ocrx_word' id='word_1_129' title='bbox 917 2097 1223 2183; x_wconf 77' lang='lat' dir='ltr'>angulum</span> <span class='ocrx_word' id='word_1_130' title='bbox 1269 2098 1374 2162; x_wconf 91' lang='lat' dir='ltr'>uie</span> <span class='ocrx_word' id='word_1_131' title='bbox 1424 2097 1528 2162; x_wconf 90' lang='lat' dir='ltr'>del</span> <span class='ocrx_word' id='word_1_132' title='bbox 1576 2095 1815 2182; x_wconf 86' lang='lat' dir='ltr'>GarbO,</span> <span class='ocrx_word' id='word_1_133' title='bbox 1869 2132 1954 2142; x_wconf 90' lang='lat'>—</span> <span class='ocrx_word' id='word_1_134' title='bbox 2001 2097 2379 2162; x_wconf 88' lang='lat' dir='ltr'>locauerunt</span> <span class='ocrx_word' id='word_1_135' title='bbox 2422 2096 2709 2161; x_wconf 88' lang='lat' dir='ltr'>Johanni</span> <span class='ocrx_word' id='word_1_136' title='bbox 2755 2095 3092 2163; x_wconf 87' lang='lat' dir='ltr'>Francisci</span> <span class='ocrx_word' id='word_1_137' title='bbox 3140 2111 3205 2164; x_wconf 86' lang='lat' dir='ltr'>et</span> <span class='ocrx_word' id='word_1_138' title='bbox 3226 2100 3364 2164; x_wconf 86' lang='lat' dir='ltr'>An-</span> 
     </span>
     <span class='ocr_line' id='line_1_17' title="bbox 483 2211 3365 2300; baseline 0.002 -25"><span class='ocrx_word' id='word_1_139' title='bbox 483 2213 661 2278; x_wconf 90' lang='lat' dir='ltr'>tonio</span> <span class='ocrx_word' id='word_1_140' title='bbox 694 2211 962 2297; x_wconf 85' lang='lat' dir='ltr'>Bartoli,</span> <span class='ocrx_word' id='word_1_141' title='bbox 1013 2214 1343 2299; x_wconf 81' lang='lat' dir='ltr'>magistris</span> <span class='ocrx_word' id='word_1_142' title='bbox 1393 2213 1472 2278; x_wconf 89' lang='lat' dir='ltr'>de</span> <span class='ocrx_word' id='word_1_143' title='bbox 1507 2213 1841 2300; x_wconf 87' lang='lat' dir='ltr'>scarpello,</span> <span class='ocrx_word' id='word_1_144' title='bbox 1893 2213 1977 2278; x_wconf 85' lang='lat' dir='ltr'>ad</span> <span class='ocrx_word' id='word_1_145' title='bbox 2009 2213 2439 2279; x_wconf 86' lang='lat' dir='ltr'>conciandum</span> <span class='ocrx_word' id='word_1_146' title='bbox 2472 2223 2535 2278; x_wconf 84' lang='lat' dir='ltr'>et</span> <span class='ocrx_word' id='word_1_147' title='bbox 2567 2213 3087 2299; x_wconf 85' lang='lat' dir='ltr'>scarpellandum</span> <span class='ocrx_word' id='word_1_148' title='bbox 3116 2215 3365 2300; x_wconf 87' lang='lat' dir='ltr'>lapides</span> 
     </span>
     <span class='ocr_line' id='line_1_18' title="bbox 482 2328 3369 2416; baseline 0.002 -25"><span class='ocrx_word' id='word_1_149' title='bbox 482 2349 598 2413; x_wconf 91' lang='lat' dir='ltr'>pro</span> <span class='ocrx_word' id='word_1_150' title='bbox 644 2328 952 2414; x_wconf 86' lang='lat' dir='ltr'>pilastris,</span> <span class='ocrx_word' id='word_1_151' title='bbox 1005 2328 1217 2394; x_wconf 84' lang='lat' dir='ltr'>archis</span> <span class='ocrx_word' id='word_1_152' title='bbox 1255 2339 1318 2394; x_wconf 87' lang='lat' dir='ltr'>et</span> <span class='ocrx_word' id='word_1_153' title='bbox 1341 2353 1522 2394; x_wconf 87' lang='lat' dir='ltr'>muro</span> <span class='ocrx_word' id='word_1_154' title='bbox 1547 2352 1662 2415; x_wconf 93' lang='lat' dir='ltr'>pro</span> <span class='ocrx_word' id='word_1_155' title='bbox 1689 2329 1859 2393; x_wconf 86' lang='lat' dir='ltr'>dicto</span> <span class='ocrx_word' id='word_1_156' title='bbox 1893 2352 2095 2414; x_wconf 89' lang='lat' dir='ltr'>muro,</span> <span class='ocrx_word' id='word_1_157' title='bbox 2132 2351 2277 2394; x_wconf 92' lang='lat' dir='ltr'>cum</span> <span class='ocrx_word' id='word_1_158' title='bbox 2304 2338 2491 2416; x_wconf 85' lang='lat' dir='ltr'>pact-o</span> <span class='ocrx_word' id='word_1_159' title='bbox 2526 2330 2849 2414; x_wconf 89' lang='lat' dir='ltr'>uidelicet,</span> <span class='ocrx_word' id='word_1_160' title='bbox 2885 2330 3057 2416; x_wconf 90' lang='lat' dir='ltr'>quod</span> <span class='ocrx_word' id='word_1_161' title='bbox 3090 2331 3369 2396; x_wconf 81' lang='lat' dir='ltr'>debeant</span> 
     </span>
     <span class='ocr_line' id='line_1_19' title="bbox 483 2442 3365 2532; baseline 0.002 -25"><span class='ocrx_word' id='word_1_162' title='bbox 483 2442 722 2508; x_wconf 88' lang='lat' dir='ltr'>habere</span> <span class='ocrx_word' id='word_1_163' title='bbox 773 2444 854 2508; x_wconf 89' lang='lat' dir='ltr'>ab</span> <span class='ocrx_word' id='word_1_164' title='bbox 905 2467 1096 2530; x_wconf 86' lang='lat' dir='ltr'>opere</span> <span class='ocrx_word' id='word_1_165' title='bbox 1142 2445 1432 2530; x_wconf 85' lang='lat' dir='ltr'>predicto</span> <span class='ocrx_word' id='word_1_166' title='bbox 1481 2444 1730 2530; x_wconf 87' lang='lat' dir='ltr'>lapides</span> <span class='ocrx_word' id='word_1_167' title='bbox 1783 2467 1900 2530; x_wconf 88' lang='lat' dir='ltr'>pro</span> <span class='ocrx_word' id='word_1_168' title='bbox 1935 2444 2107 2510; x_wconf 88' lang='lat' dir='ltr'>dicto</span> <span class='ocrx_word' id='word_1_169' title='bbox 2138 2468 2341 2530; x_wconf 90' lang='lat' dir='ltr'>muro,</span> <span class='ocrx_word' id='word_1_170' title='bbox 2391 2455 2455 2509; x_wconf 87' lang='lat' dir='ltr'>et</span> <span class='ocrx_word' id='word_1_171' title='bbox 2499 2446 2625 2532; x_wconf 87' lang='lat' dir='ltr'>ipsi</span> <span class='ocrx_word' id='word_1_172' title='bbox 2654 2445 2933 2511; x_wconf 85' lang='lat' dir='ltr'>debeant</span> <span class='ocrx_word' id='word_1_173' title='bbox 2979 2445 3216 2511; x_wconf 87' lang='lat' dir='ltr'>habere</span> <span class='ocrx_word' id='word_1_174' title='bbox 3266 2470 3365 2512; x_wconf 91' lang='lat' dir='ltr'>so-</span> 
     </span>
     <span class='ocr_line' id='line_1_20' title="bbox 483 2557 3361 2648; baseline 0.002 -26"><span class='ocrx_word' id='word_1_175' title='bbox 483 2557 651 2623; x_wconf 87' lang='lat' dir='ltr'>lidos</span> <span class='ocrx_word' id='word_1_176' title='bbox 685 2560 770 2624; x_wconf 84' lang='grc'>28</span> <span class='ocrx_word' id='word_1_177' title='bbox 819 2583 933 2645; x_wconf 88' lang='lat' dir='ltr'>pro</span> <span class='ocrx_word' id='word_1_178' title='bbox 981 2560 1270 2646; x_wconf 86' lang='lat' dir='ltr'>quolibet</span> <span class='ocrx_word' id='word_1_179' title='bbox 1317 2560 1618 2626; x_wconf 90' lang='lat' dir='ltr'>bracchio</span> <span class='ocrx_word' id='word_1_180' title='bbox 1668 2561 2014 2626; x_wconf 87' lang='lat' dir='ltr'>cuiuslibet</span> <span class='ocrx_word' id='word_1_181' title='bbox 2059 2561 2332 2647; x_wconf 86' lang='lat' dir='ltr'>pilastri,</span> <span class='ocrx_word' id='word_1_182' title='bbox 2382 2561 2757 2626; x_wconf 86' lang='lat' dir='ltr'>misurando</span> <span class='ocrx_word' id='word_1_183' title='bbox 2790 2585 2905 2648; x_wconf 90' lang='lat' dir='ltr'>per</span> <span class='ocrx_word' id='word_1_184' title='bbox 2935 2563 3361 2648; x_wconf 80' lang='lat' dir='ltr'>altitudinem,</span> 
     </span>
     <span class='ocr_line' id='line_1_21' title="bbox 484 2675 3363 2764; baseline 0.002 -26"><span class='ocrx_word' id='word_1_185' title='bbox 484 2684 549 2739; x_wconf 83' lang='lat' dir='ltr'>et</span> <span class='ocrx_word' id='word_1_186' title='bbox 595 2675 750 2741; x_wconf 88' lang='lat' dir='ltr'>dicti</span> <span class='ocrx_word' id='word_1_187' title='bbox 796 2677 1052 2762; x_wconf 82' lang='lat' dir='ltr'>pilastri</span> <span class='ocrx_word' id='word_1_188' title='bbox 1101 2677 1338 2742; x_wconf 83' lang='lat' dir='ltr'>debent</span> <span class='ocrx_word' id='word_1_189' title='bbox 1384 2700 1526 2743; x_wconf 86' lang='lat' dir='ltr'>esse</span> <span class='ocrx_word' id='word_1_190' title='bbox 1564 2700 1638 2741; x_wconf 90' lang='lat' dir='ltr'>eo</span> <span class='ocrx_word' id='word_1_191' title='bbox 1671 2677 1863 2742; x_wconf 89' lang='lat' dir='ltr'>modo</span> <span class='ocrx_word' id='word_1_192' title='bbox 1912 2687 1976 2740; x_wconf 88' lang='lat' dir='ltr'>et</span> <span class='ocrx_word' id='word_1_193' title='bbox 2020 2678 2243 2762; x_wconf 82' lang='lat' dir='ltr'>forma,</span> <span class='ocrx_word' id='word_1_194' title='bbox 2292 2686 2483 2764; x_wconf 86' lang='lat' dir='ltr'>prout</span> <span class='ocrx_word' id='word_1_195' title='bbox 2515 2687 2691 2742; x_wconf 83' lang='lat' dir='ltr'>stant</span> <span class='ocrx_word' id='word_1_196' title='bbox 2735 2677 2989 2764; x_wconf 87' lang='lat' dir='ltr'>pilastri</span> <span class='ocrx_word' id='word_1_197' title='bbox 3024 2678 3249 2743; x_wconf 86' lang='lat' dir='ltr'>domus</span> <span class='ocrx_word' id='word_1_198' title='bbox 3285 2679 3363 2743; x_wconf 90' lang='lat' dir='ltr'>de</span> 
     </span>
     <span class='ocr_line' id='line_1_22' title="bbox 481 2790 3365 2880; baseline 0.002 -25"><span class='ocrx_word' id='word_1_199' title='bbox 481 2790 900 2878; x_wconf 77' lang='lat' dir='ltr'>Bonaguisi83</span> <span class='ocrx_word' id='word_1_200' title='bbox 951 2803 1017 2858; x_wconf 86' lang='lat' dir='ltr'>et</span> <span class='ocrx_word' id='word_1_201' title='bbox 1061 2793 1302 2859; x_wconf 86' lang='lat' dir='ltr'>solidos</span> <span class='ocrx_word' id='word_1_202' title='bbox 1353 2796 1439 2860; x_wconf 86' lang='lat'>34</span> <span class='ocrx_word' id='word_1_203' title='bbox 1487 2817 1602 2880; x_wconf 90' lang='lat' dir='ltr'>pro</span> <span class='ocrx_word' id='word_1_204' title='bbox 1649 2793 1941 2879; x_wconf 86' lang='lat' dir='ltr'>quolibet</span> <span class='ocrx_word' id='word_1_205' title='bbox 1983 2792 2290 2858; x_wconf 87' lang='lat' dir='ltr'>bracchio</span> <span class='ocrx_word' id='word_1_206' title='bbox 2340 2794 2685 2858; x_wconf 83' lang='lat' dir='ltr'>cuiuslibet</span> <span class='ocrx_word' id='word_1_207' title='bbox 2731 2793 2961 2859; x_wconf 90' lang='lat' dir='ltr'>archus</span> <span class='ocrx_word' id='word_1_208' title='bbox 3011 2794 3168 2860; x_wconf 85' lang='lat' dir='ltr'>dieti</span> <span class='ocrx_word' id='word_1_209' title='bbox 3199 2796 3365 2860; x_wconf 87' lang='lat' dir='ltr'>muri</span> 
     </span>
     <span class='ocr_line' id='line_1_23' title="bbox 483 2908 3365 2996; baseline 0.001 -25"><span class='ocrx_word' id='word_1_210' title='bbox 483 2917 547 2971; x_wconf 87' lang='lat' dir='ltr'>et</span> <span class='ocrx_word' id='word_1_211' title='bbox 593 2908 834 2974; x_wconf 84' lang='lat' dir='ltr'>solidos</span> <span class='ocrx_word' id='word_1_212' title='bbox 888 2911 965 2974; x_wconf 93' lang='lat'>11</span> <span class='ocrx_word' id='word_1_213' title='bbox 1019 2933 1135 2996; x_wconf 93' lang='lat' dir='ltr'>pro</span> <span class='ocrx_word' id='word_1_214' title='bbox 1183 2910 1471 2996; x_wconf 91' lang='lat' dir='ltr'>quolibet</span> <span class='ocrx_word' id='word_1_215' title='bbox 1516 2910 1821 2975; x_wconf 86' lang='lat' dir='ltr'>bracchio</span> <span class='ocrx_word' id='word_1_216' title='bbox 1870 2909 2115 2995; x_wconf 86' lang='lat' dir='ltr'>quadro</span> <span class='ocrx_word' id='word_1_217' title='bbox 2148 2909 2437 2995; x_wconf 88' lang='lat' dir='ltr'>lapidum</span> <span class='ocrx_word' id='word_1_218' title='bbox 2482 2908 2885 2993; x_wconf 85' lang='lat' dir='ltr'>feminarum,</span> <span class='ocrx_word' id='word_1_219' title='bbox 2936 2921 3000 2974; x_wconf 87' lang='lat' dir='ltr'>et</span> <span class='ocrx_word' id='word_1_220' title='bbox 3041 2910 3211 2996; x_wconf 91' lang='lat' dir='ltr'>quod</span> <span class='ocrx_word' id='word_1_221' title='bbox 3261 2911 3365 2975; x_wconf 91' lang='lat' dir='ltr'>de-</span> 
     </span>
     <span class='ocr_line' id='line_1_24' title="bbox 481 3023 3366 3112; baseline 0.001 -25"><span class='ocrx_word' id='word_1_222' title='bbox 481 3023 679 3089; x_wconf 83' lang='lat' dir='ltr'>beant</span> <span class='ocrx_word' id='word_1_223' title='bbox 745 3025 958 3091; x_wconf 86' lang='lat' dir='ltr'>facere</span> <span class='ocrx_word' id='word_1_224' title='bbox 1018 3025 1263 3091; x_wconf 84' lang='lat' dir='ltr'>dictum</span> <span class='ocrx_word' id='word_1_225' title='bbox 1321 3027 1618 3092; x_wconf 79' lang='lat' dir='ltr'>conc-ium</span> <span class='ocrx_word' id='word_1_226' title='bbox 1672 3025 1756 3091; x_wconf 88' lang='lat' dir='ltr'>ad</span> <span class='ocrx_word' id='word_1_227' title='bbox 1811 3025 2291 3111; x_wconf 85' lang='lat' dir='ltr'>beneplacitum</span> <span class='ocrx_word' id='word_1_228' title='bbox 2338 3026 2775 3112; x_wconf 87' lang='lat' dir='ltr'>operariorum</span> <span class='ocrx_word' id='word_1_229' title='bbox 2822 3025 3257 3111; x_wconf 83' lang='lat' dir='ltr'>predictorum</span> <span class='ocrx_word' id='word_1_230' title='bbox 3304 3038 3366 3091; x_wconf 90' lang='lat' dir='ltr'>et</span> 
     </span>
     <span class='ocr_line' id='line_1_25' title="bbox 483 3141 1325 3228; baseline 0.006 -25"><span class='ocrx_word' id='word_1_231' title='bbox 483 3163 597 3204; x_wconf 89' lang='lat' dir='ltr'>seu</span> <span class='ocrx_word' id='word_1_232' title='bbox 643 3141 1325 3228; x_wconf 87' lang='lat' dir='ltr'>capudmagistrorum.</span> 
     </span>
    </p>

    <p class='ocr_par' dir='ltr' id='par_1_10' title="bbox 704 3253 2338 3344">
     <span class='ocr_line' id='line_1_26' title="bbox 704 3253 2338 3344; baseline 0 -22"><span class='ocrx_word' id='word_1_233' title='bbox 704 3259 834 3322; x_wconf 81' lang='lat' dir='ltr'>Die</span> <span class='ocrx_word' id='word_1_234' title='bbox 865 3265 948 3324; x_wconf 88' lang='grc'>29</span> <span class='ocrx_word' id='word_1_235' title='bbox 997 3263 1226 3324; x_wconf 70' lang='lat' dir='ltr'>mensis</span> <span class='ocrx_word' id='word_1_236' title='bbox 1270 3259 1653 3324; x_wconf 69' lang='lat' dir='ltr'>Nouembris</span> <span class='ocrx_word' id='word_1_237' title='bbox 1698 3253 1782 3343; x_wconf 84' lang='lat' dir='ltr'>(a.</span> <span class='ocrx_word' id='word_1_238' title='bbox 1834 3281 1891 3323; x_wconf 85' lang='lat' dir='ltr'>a.</span> <span class='ocrx_word' id='word_1_239' title='bbox 1926 3256 2005 3323; x_wconf 93' lang='grc' dir='ltr'>Ο.</span> <span class='ocrx_word' id='word_1_240' title='bbox 2057 3281 2119 3344; x_wconf 90' lang='lat' dir='ltr'>p.</span> <span class='ocrx_word' id='word_1_241' title='bbox 2156 3259 2236 3324; x_wconf 83' lang='lat'>27</span> <span class='ocrx_word' id='word_1_242' title='bbox 2254 3253 2338 3341; x_wconf 86' lang='lat' dir='ltr'>a).</span> 
     </span>
    </p>

    <p class='ocr_par' dir='ltr' id='par_1_11' title="bbox 483 3373 3360 3576">
     <span class='ocr_line' id='line_1_27' title="bbox 705 3373 3360 3462; baseline 0.002 -25"><span class='ocrx_word' id='word_1_243' title='bbox 705 3373 998 3440; x_wconf 87' lang='lat' dir='ltr'>Antonio</span> <span class='ocrx_word' id='word_1_244' title='bbox 1045 3375 1316 3458; x_wconf 86' lang='lat' dir='ltr'>Bartoli,</span> <span class='ocrx_word' id='word_1_245' title='bbox 1362 3375 1692 3462; x_wconf 83' lang='lat' dir='ltr'>magistm,</span> <span class='ocrx_word' id='word_1_246' title='bbox 1743 3397 1860 3462; x_wconf 89' lang='lat' dir='ltr'>pro</span> <span class='ocrx_word' id='word_1_247' title='bbox 1905 3374 2164 3439; x_wconf 85' lang='lat' dir='ltr'>residuo</span> <span class='ocrx_word' id='word_1_248' title='bbox 2213 3374 2350 3438; x_wconf 89' lang='lat' dir='ltr'>eius</span> <span class='ocrx_word' id='word_1_249' title='bbox 2397 3374 2647 3439; x_wconf 85' lang='lat' dir='ltr'>ratione</span> <span class='ocrx_word' id='word_1_250' title='bbox 2696 3413 2779 3423; x_wconf 89' lang='lat'>—-</span> <span class='ocrx_word' id='word_1_251' title='bbox 2827 3374 3027 3441; x_wconf 85' lang='lat' dir='ltr'>libras</span> <span class='ocrx_word' id='word_1_252' title='bbox 3075 3377 3188 3461; x_wconf 84' lang='lat'>50,</span> <span class='ocrx_word' id='word_1_253' title='bbox 3262 3399 3360 3441; x_wconf 85' lang='lat' dir='ltr'>so·</span> 
     </span>
     <span class='ocr_line' id='line_1_28' title="bbox 483 3487 939 3576; baseline 0.011 -25"><span class='ocrx_word' id='word_1_254' title='bbox 483 3487 651 3552; x_wconf 84' lang='lat' dir='ltr'>lidos</span> <span class='ocrx_word' id='word_1_255' title='bbox 699 3490 742 3552; x_wconf 89' lang='lat'>4</span> <span class='ocrx_word' id='word_1_256' title='bbox 785 3489 828 3554; x_wconf 85' lang='lat' dir='ltr'>f.</span> <span class='ocrx_word' id='word_1_257' title='bbox 877 3513 939 3576; x_wconf 94' lang='lat' dir='ltr'>p.</span> 
     </span>
    </p>

    <p class='ocr_par' dir='ltr' id='par_1_12' title="bbox 706 3581 2328 3692">
     <span class='ocr_line' id='line_1_29' title="bbox 706 3581 2328 3692; baseline 0.001 -24"><span class='ocrx_word' id='word_1_258' title='bbox 706 3605 835 3669; x_wconf 77' lang='lat' dir='ltr'>Die</span> <span class='ocrx_word' id='word_1_259' title='bbox 873 3581 964 3669; x_wconf 62' lang='lat'>‘30</span> <span class='ocrx_word' id='word_1_260' title='bbox 1012 3610 1243 3671; x_wconf 69' lang='lat' dir='ltr'>mensis</span> <span class='ocrx_word' id='word_1_261' title='bbox 1288 3606 1656 3671; x_wconf 71' lang='lat' dir='ltr'>Decembris</span> <span class='ocrx_word' id='word_1_262' title='bbox 1702 3601 1788 3689; x_wconf 90' lang='lat' dir='ltr'>(a.</span> <span class='ocrx_word' id='word_1_263' title='bbox 1824 3629 1880 3671; x_wconf 86' lang='lat' dir='ltr'>a.</span> <span class='ocrx_word' id='word_1_264' title='bbox 1918 3605 1996 3671; x_wconf 91' lang='lat' dir='ltr'>O.</span> <span class='ocrx_word' id='word_1_265' title='bbox 2044 3629 2108 3692; x_wconf 92' lang='lat' dir='ltr'>p.</span> <span class='ocrx_word' id='word_1_266' title='bbox 2145 3607 2228 3672; x_wconf 83' lang='lat'>32</span> <span class='ocrx_word' id='word_1_267' title='bbox 2244 3600 2328 3688; x_wconf 91' lang='lat' dir='ltr'>a).</span> 
     </span>
    </p>

    <p class='ocr_par' dir='ltr' id='par_1_13' title="bbox 705 3720 3356 3810">
     <span class='ocr_line' id='line_1_30' title="bbox 705 3720 3356 3810; baseline 0.002 -26"><span class='ocrx_word' id='word_1_268' title='bbox 705 3721 995 3786; x_wconf 88' lang='lat' dir='ltr'>Antonio</span> <span class='ocrx_word' id='word_1_269' title='bbox 1027 3720 1295 3806; x_wconf 89' lang='lat' dir='ltr'>Bartoli,</span> <span class='ocrx_word' id='word_1_270' title='bbox 1346 3723 1672 3807; x_wconf 80' lang='lat' dir='ltr'>magistrO,</span> <span class='ocrx_word' id='word_1_271' title='bbox 1723 3745 1838 3808; x_wconf 91' lang='lat' dir='ltr'>pro</span> <span class='ocrx_word' id='word_1_272' title='bbox 1874 3722 2013 3786; x_wconf 90' lang='lat' dir='ltr'>eius</span> <span class='ocrx_word' id='word_1_273' title='bbox 2045 3721 2293 3786; x_wconf 85' lang='lat' dir='ltr'>ratione</span> <span class='ocrx_word' id='word_1_274' title='bbox 2327 3754 2410 3766; x_wconf 86' lang='lat'>—-</span> <span class='ocrx_word' id='word_1_275' title='bbox 2444 3722 2645 3787; x_wconf 84' lang='lat' dir='ltr'>libras</span> <span class='ocrx_word' id='word_1_276' title='bbox 2679 3724 2719 3786; x_wconf 83' lang='lat'>5</span> <span class='ocrx_word' id='word_1_277' title='bbox 2753 3733 2817 3786; x_wconf 90' lang='lat' dir='ltr'>et</span> <span class='ocrx_word' id='word_1_278' title='bbox 2849 3723 3091 3788; x_wconf 84' lang='lat' dir='ltr'>solidos</span> <span class='ocrx_word' id='word_1_279' title='bbox 3122 3725 3201 3787; x_wconf 85' lang='lat'>18</span> <span class='ocrx_word' id='word_1_280' title='bbox 3226 3724 3269 3789; x_wconf 86' lang='lat' dir='ltr'>f.</span> <span class='ocrx_word' id='word_1_281' title='bbox 3298 3748 3356 3810; x_wconf 87' lang='lat' dir='ltr'>p.</span> 
     </span>
    </p>

    <p class='ocr_par' dir='ltr' id='par_1_14' title="bbox 483 3834 3358 4041">
     <span class='ocr_line' id='line_1_31' title="bbox 707 3834 3358 3925; baseline 0.002 -25"><span class='ocrx_word' id='word_1_282' title='bbox 707 3839 896 3902; x_wconf 83' lang='lat' dir='ltr'>Anno</span> <span class='ocrx_word' id='word_1_283' title='bbox 953 3844 1156 3922; x_wconf 83' lang='lat'>1392,</span> <span class='ocrx_word' id='word_1_284' title='bbox 1228 3841 1572 3904; x_wconf 74' lang='lat' dir='ltr'>indictione</span> <span class='ocrx_word' id='word_1_285' title='bbox 1630 3845 1748 3919; x_wconf 85' lang='lat'>15,</span> <span class='ocrx_word' id='word_1_286' title='bbox 1819 3840 1922 3903; x_wconf 78' lang='lat' dir='ltr'>die</span> <span class='ocrx_word' id='word_1_287' title='bbox 1977 3845 2065 3902; x_wconf 87' lang='grc'>27</span> <span class='ocrx_word' id='word_1_288' title='bbox 2134 3841 2365 3903; x_wconf 69' lang='lat' dir='ltr'>mensis</span> <span class='ocrx_word' id='word_1_289' title='bbox 2411 3839 2665 3925; x_wconf 69' lang='lat' dir='ltr'>Aprilis</span> <span class='ocrx_word' id='word_1_290' title='bbox 2734 3834 3022 3921; x_wconf 85' lang='lat' dir='ltr'>(ProviS.</span> <span class='ocrx_word' id='word_1_291' title='bbox 3070 3838 3219 3904; x_wconf 87' lang='lat' dir='ltr'>filza</span> <span class='ocrx_word' id='word_1_292' title='bbox 3274 3841 3358 3905; x_wconf 87' lang='grc'>82</span> 
     </span>
     <span class='ocr_line' id='line_1_32' title="bbox 483 3950 1395 4041; baseline 0.005 -25"><span class='ocrx_word' id='word_1_293' title='bbox 483 3976 542 4039; x_wconf 91' lang='lat' dir='ltr'>p.</span> <span class='ocrx_word' id='word_1_294' title='bbox 580 3952 738 4037; x_wconf 85' lang='lat' dir='ltr'>29b‚</span> <span class='ocrx_word' id='word_1_295' title='bbox 791 3950 974 4040; x_wconf 84' lang='lat' dir='ltr'>Gaye</span> <span class='ocrx_word' id='word_1_296' title='bbox 1021 3955 1054 4019; x_wconf 96' lang='lat' dir='ltr'>I</span> <span class='ocrx_word' id='word_1_297' title='bbox 1102 3979 1163 4041; x_wconf 93' lang='lat' dir='ltr'>p.</span> <span class='ocrx_word' id='word_1_298' title='bbox 1215 3951 1395 4039; x_wconf 77' lang='lat'><strong>535).</strong></span> 
     </span>
    </p>

    <p class='ocr_par' dir='ltr' id='par_1_15' title="bbox 481 4068 3365 5084">
     <span class='ocr_line' id='line_1_33' title="bbox 702 4068 3363 4157; baseline 0 -24"><span class='ocrx_word' id='word_1_299' title='bbox 702 4069 942 4134; x_wconf 86' lang='lat' dir='ltr'>Petitio</span> <span class='ocrx_word' id='word_1_300' title='bbox 991 4094 1106 4156; x_wconf 91' lang='lat' dir='ltr'>pro</span> <span class='ocrx_word' id='word_1_301' title='bbox 1153 4081 1337 4157; x_wconf 87' lang='lat' dir='ltr'>parte</span> <span class='ocrx_word' id='word_1_302' title='bbox 1383 4071 1630 4136; x_wconf 89' lang='lat' dir='ltr'>Amelii</span> <span class='ocrx_word' id='word_1_303' title='bbox 1678 4068 1982 4135; x_wconf 86' lang='lat' dir='ltr'>Giachini</span> <span class='ocrx_word' id='word_1_304' title='bbox 2042 4070 2121 4134; x_wconf 89' lang='lat' dir='ltr'>de</span> <span class='ocrx_word' id='word_1_305' title='bbox 2168 4070 2586 4156; x_wconf 82' lang='lat' dir='ltr'>BonaguisiS,</span> <span class='ocrx_word' id='word_1_306' title='bbox 2660 4070 2821 4134; x_wconf 90' lang='lat' dir='ltr'>ciuis</span> <span class='ocrx_word' id='word_1_307' title='bbox 2868 4069 3229 4135; x_wconf 88' lang='lat' dir='ltr'>Florentini</span> <span class='ocrx_word' id='word_1_308' title='bbox 3300 4081 3363 4135; x_wconf 86' lang='lat' dir='ltr'>et</span> 
     </span>
     <span class='ocr_line' id='line_1_34' title="bbox 483 4184 3359 4272; baseline 0.001 -24"><span class='ocrx_word' id='word_1_309' title='bbox 483 4185 562 4248; x_wconf 91' lang='lat' dir='ltr'>de</span> <span class='ocrx_word' id='word_1_310' title='bbox 608 4186 844 4272; x_wconf 90' lang='lat' dir='ltr'>populo</span> <span class='ocrx_word' id='word_1_311' title='bbox 894 4187 1102 4252; x_wconf 86' lang='lat' dir='ltr'>sancti</span> <span class='ocrx_word' id='word_1_312' title='bbox 1143 4186 1404 4251; x_wconf 87' lang='lat' dir='ltr'>Romuli</span> <span class='ocrx_word' id='word_1_313' title='bbox 1452 4187 1530 4251; x_wconf 88' lang='lat' dir='ltr'>de</span> <span class='ocrx_word' id='word_1_314' title='bbox 1577 4185 1925 4270; x_wconf 87' lang='lat' dir='ltr'>Florentia,</span> <span class='ocrx_word' id='word_1_315' title='bbox 1976 4187 2146 4272; x_wconf 91' lang='lat' dir='ltr'>quod</span> <span class='ocrx_word' id='word_1_316' title='bbox 2195 4187 2532 4252; x_wconf 80' lang='lat' dir='ltr'>occasione</span> <span class='ocrx_word' id='word_1_317' title='bbox 2578 4184 2872 4270; x_wconf 89' lang='lat' dir='ltr'>hedifitii,</span> <span class='ocrx_word' id='word_1_318' title='bbox 2923 4187 3178 4250; x_wconf 84' lang='lat' dir='ltr'>nouiter</span> <span class='ocrx_word' id='word_1_319' title='bbox 3206 4185 3359 4250; x_wconf 86' lang='lat' dir='ltr'>facti</span> 
     </span>
     <span class='ocr_line' id='line_1_35' title="bbox 481 4299 3360 4389; baseline 0 -25"><span class='ocrx_word' id='word_1_320' title='bbox 481 4301 550 4366; x_wconf 89' lang='lat' dir='ltr'>in</span> <span class='ocrx_word' id='word_1_321' title='bbox 598 4314 979 4368; x_wconf 81' lang='lat' dir='ltr'>ornamento</span> <span class='ocrx_word' id='word_1_322' title='bbox 1026 4303 1150 4386; x_wconf 89' lang='lat' dir='ltr'>uie,</span> <span class='ocrx_word' id='word_1_323' title='bbox 1203 4326 1329 4389; x_wconf 89' lang='lat' dir='ltr'>qua</span> <span class='ocrx_word' id='word_1_324' title='bbox 1375 4304 1502 4367; x_wconf 89' lang='lat' dir='ltr'>itur</span> <span class='ocrx_word' id='word_1_325' title='bbox 1547 4305 1629 4368; x_wconf 88' lang='lat' dir='ltr'>ab</span> <span class='ocrx_word' id='word_1_326' title='bbox 1678 4303 1952 4367; x_wconf 86' lang='lat' dir='ltr'>ecclesia</span> <span class='ocrx_word' id='word_1_327' title='bbox 1998 4304 2207 4367; x_wconf 86' lang='lat' dir='ltr'>sancti</span> <span class='ocrx_word' id='word_1_328' title='bbox 2236 4301 2499 4367; x_wconf 80' lang='lat' dir='ltr'>Romuli</span> <span class='ocrx_word' id='word_1_329' title='bbox 2531 4301 2614 4366; x_wconf 88' lang='lat' dir='ltr'>ad</span> <span class='ocrx_word' id='word_1_330' title='bbox 2661 4303 2834 4366; x_wconf 88' lang='lat' dir='ltr'>uiam</span> <span class='ocrx_word' id='word_1_331' title='bbox 2882 4299 3086 4366; x_wconf 89' lang='lat' dir='ltr'>Garbi</span> <span class='ocrx_word' id='word_1_332' title='bbox 3134 4324 3360 4365; x_wconf 89' lang='lat' dir='ltr'>uersus</span> 
     </span>
     <span class='ocr_line' id='line_1_36' title="bbox 484 4405 3360 4505; baseline -0 -24"><span class='ocrx_word' id='word_1_333' title='bbox 484 4421 832 4484; x_wconf 85' lang='lat' dir='ltr'>oratorium</span> <span class='ocrx_word' id='word_1_334' title='bbox 880 4421 1091 4485; x_wconf 82' lang='lat' dir='ltr'>sancti</span> <span class='ocrx_word' id='word_1_335' title='bbox 1135 4419 1480 4484; x_wconf 86' lang='lat' dir='ltr'>Michaelis</span> <span class='ocrx_word' id='word_1_336' title='bbox 1529 4420 1599 4483; x_wconf 87' lang='lat' dir='ltr'>in</span> <span class='ocrx_word' id='word_1_337' title='bbox 1645 4419 1836 4504; x_wconf 88' lang='lat' dir='ltr'>Orto,</span> <span class='ocrx_word' id='word_1_338' title='bbox 1911 4420 2051 4505; x_wconf 82' lang='lat' dir='ltr'>ipse</span> <span class='ocrx_word' id='word_1_339' title='bbox 2097 4405 2393 4483; x_wconf 81' lang='lat' dir='ltr'>Amelius</span> <span class='ocrx_word' id='word_1_340' title='bbox 2449 4418 2519 4481; x_wconf 91' lang='lat' dir='ltr'>in</span> <span class='ocrx_word' id='word_1_341' title='bbox 2566 4415 2896 4498; x_wconf 77' lang='lat' dir='ltr'>apothecis</span> <span class='ocrx_word' id='word_1_342' title='bbox 2954 4427 3018 4480; x_wconf 86' lang='lat' dir='ltr'>et</span> <span class='ocrx_word' id='word_1_343' title='bbox 3065 4415 3360 4480; x_wconf 85' lang='lat' dir='ltr'>domibus</span> 
     </span>
     <span class='ocr_line' id='line_1_37' title="bbox 485 4531 3361 4621; baseline -0.001 -23"><span class='ocrx_word' id='word_1_344' title='bbox 485 4535 639 4618; x_wconf 78' lang='lat' dir='ltr'>suiS,</span> <span class='ocrx_word' id='word_1_345' title='bbox 712 4558 871 4621; x_wconf 89' lang='lat' dir='ltr'>quas</span> <span class='ocrx_word' id='word_1_346' title='bbox 918 4537 1013 4601; x_wconf 88' lang='lat' dir='ltr'>ibi</span> <span class='ocrx_word' id='word_1_347' title='bbox 1059 4535 1342 4601; x_wconf 88' lang='lat' dir='ltr'>habebat</span> <span class='ocrx_word' id='word_1_348' title='bbox 1388 4545 1452 4600; x_wconf 88' lang='lat' dir='ltr'>et</span> <span class='ocrx_word' id='word_1_349' title='bbox 1499 4535 1712 4619; x_wconf 86' lang='lat' dir='ltr'>habet,</span> <span class='ocrx_word' id='word_1_350' title='bbox 1771 4535 1895 4600; x_wconf 88' lang='lat' dir='ltr'>fuit</span> <span class='ocrx_word' id='word_1_351' title='bbox 1940 4534 2382 4620; x_wconf 86' lang='lat' dir='ltr'>multipliciter</span> <span class='ocrx_word' id='word_1_352' title='bbox 2429 4532 2887 4614; x_wconf 85' lang='lat' dir='ltr'>dannificatus;</span> <span class='ocrx_word' id='word_1_353' title='bbox 2957 4555 3111 4595; x_wconf 88' lang='lat' dir='ltr'>nam</span> <span class='ocrx_word' id='word_1_354' title='bbox 3154 4531 3361 4617; x_wconf 86' lang='lat' dir='ltr'>primo</span> 
     </span>
     <span class='ocr_line' id='line_1_38' title="bbox 488 4645 3365 4738; baseline -0.002 -24"><span class='ocrx_word' id='word_1_355' title='bbox 488 4651 566 4714; x_wconf 82' lang='lat' dir='ltr'>(le</span> <span class='ocrx_word' id='word_1_356' title='bbox 615 4652 752 4715; x_wconf 85' lang='lat' dir='ltr'>solo</span> <span class='ocrx_word' id='word_1_357' title='bbox 801 4675 916 4716; x_wconf 84' lang='lat' dir='ltr'>seu</span> <span class='ocrx_word' id='word_1_358' title='bbox 961 4662 1214 4716; x_wconf 86' lang='lat' dir='ltr'>terreno</span> <span class='ocrx_word' id='word_1_359' title='bbox 1264 4651 1598 4717; x_wconf 86' lang='lat' dir='ltr'>domorum</span> <span class='ocrx_word' id='word_1_360' title='bbox 1647 4664 1711 4715; x_wconf 90' lang='lat' dir='ltr'>et</span> <span class='ocrx_word' id='word_1_361' title='bbox 1756 4651 2213 4738; x_wconf 81' lang='lat' dir='ltr'>apothecarum</span> <span class='ocrx_word' id='word_1_362' title='bbox 2257 4649 2690 4735; x_wconf 81' lang='lat' dir='ltr'>predictarum</span> <span class='ocrx_word' id='word_1_363' title='bbox 2736 4669 3006 4711; x_wconf 88' lang='lat' dir='ltr'>comune</span> <span class='ocrx_word' id='word_1_364' title='bbox 3036 4645 3090 4710; x_wconf 91' lang='lat' dir='ltr'><strong>F</strong></span> <span class='ocrx_word' id='word_1_365' title='bbox 3093 4646 3365 4710; x_wconf 86' lang='lat' dir='ltr'>lorentie</span> 
     </span>
     <span class='ocr_line' id='line_1_39' title="bbox 485 4762 3362 4850; baseline -0.001 -20"><span class='ocrx_word' id='word_1_366' title='bbox 485 4765 712 4830; x_wconf 83' lang='lat' dir='ltr'>habuit</span> <span class='ocrx_word' id='word_1_367' title='bbox 759 4780 825 4830; x_wconf 88' lang='lat' dir='ltr'>et</span> <span class='ocrx_word' id='word_1_368' title='bbox 871 4767 1068 4831; x_wconf 87' lang='lat' dir='ltr'>habet</span> <span class='ocrx_word' id='word_1_369' title='bbox 1112 4767 1382 4832; x_wconf 89' lang='lat' dir='ltr'>brachia</span> <span class='ocrx_word' id='word_1_370' title='bbox 1430 4769 1512 4832; x_wconf 76' lang='grc'>72</span> <span class='ocrx_word' id='word_1_371' title='bbox 1562 4767 1667 4831; x_wconf 89' lang='lat' dir='ltr'>uel</span> <span class='ocrx_word' id='word_1_372' title='bbox 1714 4767 1902 4849; x_wconf 87' lang='lat' dir='ltr'>circa,</span> <span class='ocrx_word' id='word_1_373' title='bbox 1941 4801 2023 4810; x_wconf 89' lang='lat'>—</span> <span class='ocrx_word' id='word_1_374' title='bbox 2060 4766 2137 4828; x_wconf 86' lang='lat' dir='ltr'>de</span> <span class='ocrx_word' id='word_1_375' title='bbox 2187 4787 2309 4850; x_wconf 91' lang='lat' dir='ltr'>quo</span> <span class='ocrx_word' id='word_1_376' title='bbox 2342 4765 2480 4850; x_wconf 82' lang='lat' dir='ltr'>ipse</span> <span class='ocrx_word' id='word_1_377' title='bbox 2512 4762 2809 4829; x_wconf 85' lang='lat' dir='ltr'>Amelius</span> <span class='ocrx_word' id='word_1_378' title='bbox 2843 4763 3086 4827; x_wconf 88' lang='lat' dir='ltr'>nullam</span> <span class='ocrx_word' id='word_1_379' title='bbox 3118 4771 3362 4827; x_wconf 87' lang='lat' dir='ltr'>restau-</span> 
     </span>
     <span class='ocr_line' id='line_1_40' title="bbox 485 4876 3361 4969; baseline -0.001 -23"><span class='ocrx_word' id='word_1_380' title='bbox 485 4883 802 4947; x_wconf 87' lang='lat' dir='ltr'>rationem</span> <span class='ocrx_word' id='word_1_381' title='bbox 846 4883 1117 4968; x_wconf 85' lang='lat' dir='ltr'>recepit,</span> <span class='ocrx_word' id='word_1_382' title='bbox 1189 4884 1316 4948; x_wconf 90' lang='lat' dir='ltr'>nisi</span> <span class='ocrx_word' id='word_1_383' title='bbox 1363 4892 1553 4969; x_wconf 87' lang='lat' dir='ltr'>prout</span> <span class='ocrx_word' id='word_1_384' title='bbox 1597 4882 1768 4946; x_wconf 83' lang='lat' dir='ltr'>infra</span> <span class='ocrx_word' id='word_1_385' title='bbox 1814 4882 2203 4946; x_wconf 82' lang='lat' dir='ltr'>describitur</span> <span class='ocrx_word' id='word_1_386' title='bbox 2272 4889 2389 4944; x_wconf 87' lang='lat' dir='ltr'>cet.</span> <span class='ocrx_word' id='word_1_387' title='bbox 2440 4920 2523 4928; x_wconf 95' lang='lat'>--</span> <span class='ocrx_word' id='word_1_388' title='bbox 2580 4876 2798 4957; x_wconf 82' lang='lat' dir='ltr'>Quare</span> <span class='ocrx_word' id='word_1_389' title='bbox 2846 4913 2933 4924; x_wconf 90' lang='lat'>--</span> <span class='ocrx_word' id='word_1_390' title='bbox 2978 4877 3232 4964; x_wconf 85' lang='lat' dir='ltr'>placeat</span> <span class='ocrx_word' id='word_1_391' title='bbox 3278 4917 3361 4927; x_wconf 91' lang='lat'>-—</span> 
     </span>
     <span class='ocr_line' id='line_1_41' title="bbox 486 4993 3363 5084; baseline -0.002 -22"><span class='ocrx_word' id='word_1_392' title='bbox 486 4998 841 5084; x_wconf 88' lang='lat' dir='ltr'>prouidere,</span> <span class='ocrx_word' id='word_1_393' title='bbox 894 5038 977 5046; x_wconf 91' lang='lat'><em>—</em></span> <span class='ocrx_word' id='word_1_394' title='bbox 1026 4997 1198 5084; x_wconf 90' lang='lat' dir='ltr'>quod</span> <span class='ocrx_word' id='word_1_395' title='bbox 1256 4998 1501 5062; x_wconf 87' lang='lat' dir='ltr'>domini</span> <span class='ocrx_word' id='word_1_396' title='bbox 1548 4997 1792 5083; x_wconf 87' lang='lat' dir='ltr'>priores</span> <span class='ocrx_word' id='word_1_397' title='bbox 1841 5007 1905 5060; x_wconf 85' lang='lat' dir='ltr'>et</span> <span class='ocrx_word' id='word_1_398' title='bbox 1952 4995 2273 5061; x_wconf 83' lang='lat' dir='ltr'>uexillifer</span> <span class='ocrx_word' id='word_1_399' title='bbox 2320 5029 2403 5039; x_wconf 93' lang='lat'>—-</span> <span class='ocrx_word' id='word_1_400' title='bbox 2453 4993 2731 5059; x_wconf 86' lang='lat' dir='ltr'>debeant</span> <span class='ocrx_word' id='word_1_401' title='bbox 2778 4993 3013 5078; x_wconf 86' lang='lat' dir='ltr'>eligere</span> <span class='ocrx_word' id='word_1_402' title='bbox 3060 5003 3123 5058; x_wconf 88' lang='lat' dir='ltr'>et</span> <span class='ocrx_word' id='word_1_403' title='bbox 3171 4993 3363 5078; x_wconf 88' lang='lat' dir='ltr'>depu-</span> 
     </span>
    </p>
   </div>
   <div class='ocr_carea' id='block_1_4' title="bbox 530 5159 910 5166">
    <p class='ocr_par' dir='ltr' id='par_1_16' title="bbox 530 5159 910 5166">
     <span class='ocr_line' id='line_1_42' title="bbox 530 5159 910 5166; baseline 0 693"><span class='ocrx_word' id='word_1_404' title='bbox 530 5159 910 5166; x_wconf 95' lang='lat' dir='ltr'> </span> 
     </span>
    </p>
   </div>
   <div class='ocr_carea' id='block_1_5' title="bbox 589 5241 2904 5386">
    <p class='ocr_par' dir='ltr' id='par_1_17' title="bbox 589 5241 2904 5386">
     <span class='ocr_line' id='line_1_43' title="bbox 663 5241 1652 5312; baseline 0 -16"><span class='ocrx_word' id='word_1_405' title='bbox 663 5245 704 5312; x_wconf 82' lang='lat'>¹)</span> <span class='ocrx_word' id='word_1_406' title='bbox 743 5242 880 5296; x_wconf 83' lang='lat' dir='ltr'>War</span> <span class='ocrx_word' id='word_1_407' title='bbox 916 5261 1002 5296; x_wconf 89' lang='lat' dir='ltr'>am</span> <span class='ocrx_word' id='word_1_408' title='bbox 1039 5244 1091 5297; x_wconf 90' lang='grc'>6.</span> <span class='ocrx_word' id='word_1_409' title='bbox 1128 5259 1271 5312; x_wconf 83' lang='lat' dir='ltr'>resp.</span> <span class='ocrx_word' id='word_1_410' title='bbox 1310 5243 1362 5296; x_wconf 87' lang='grc'>9.</span> <span class='ocrx_word' id='word_1_411' title='bbox 1401 5241 1652 5296; x_wconf 85' lang='lat' dir='ltr'>October.</span> 
     </span>
     <span class='ocr_line' id='line_1_44' title="bbox 589 5327 2904 5386; baseline -0.002 -13"><span class='ocrx_word' id='word_1_412' title='bbox 589 5334 756 5386; x_wconf 72' lang='lat' dir='ltr'>me,</span> <span class='ocrx_word' id='word_1_413' title='bbox 786 5334 859 5373; x_wconf 78' lang='lat' dir='ltr'>dle</span> <span class='ocrx_word' id='word_1_414' title='bbox 889 5334 1060 5382; x_wconf 72' lang='lat' dir='ltr'>Lossgla</span> <span class='ocrx_word' id='word_1_415' title='bbox 1088 5332 1156 5371; x_wconf 78' lang='lat' dir='ltr'>del</span> <span class='ocrx_word' id='word_1_416' title='bbox 1184 5331 1377 5380; x_wconf 68' lang='lat' dir='ltr'>signori.</span> <span class='ocrx_word' id='word_1_417' title='bbox 2834 5327 2904 5379; x_wconf 83' lang='lat'>32</span> 
     </span>
    </p>
   </div>
  </div>
 </body>
</html>
