4009 5859
1610 489 1732 496 --—
1751 490 1944 496 ---——
1985 489 2035 496 --

387 578 567 645 Lotti
616 577 922 645 Guineldi
981 578 1061 644 de
1107 575 1397 658 Quarata
1444 587 1507 643 et
1550 576 1847 644 Jannotti
1894 577 2332 644 Benciuennis
2381 578 2460 644 de
2505 579 2838 664 Magnale‚
2899 577 3264 644 merciario·

388 721 559 778 rum3
607 696 781 762 facta
826 696 946 762 sub
991 719 1160 760 anno
1192 693 1536 760 Dominice
1569 696 2034 761 incarnationis
2066 695 2411 761 millesimo
2443 695 2894 760 trecentesimo
2928 695 3261 780 uigesimO,

390 812 743 878 indictione
792 813 999 896 tertia,
1050 811 1129 877 de
1177 835 1398 877 mense
1430 812 1681 898 Aprilis
1729 823 1793 877 et
1838 822 2066 898 postea
2112 835 2332 877 eorum
2379 812 2648 877 durante
2697 812 2899 877 offitio
2948 822 3012 877 et
3041 820 3268 898 postea

392 930 861 1015 subsequenter
914 939 1199 1015 tempore
1258 928 1628 994 consulatus
1687 928 2110 994 discretorum
2173 930 2481 1012 uirorum,
2554 929 2846 1013 magistri
2901 927 3265 994 Benincase

390 1044 545 1132 Fey,
618 1045 881 1130 medici,
954 1045 1149 1110 Naldi
1202 1044 1462 1110 Verzini
1520 1055 1585 1110 et
1637 1045 1881 1131 Agnoli
1936 1046 2371 1131 Bartolomey,
2441 1046 2919 1132 spetiariorum,
2993 1055 3057 1111 et
3109 1044 3263 1109 Dati

393 1163 591 1230 Guidi
640 1174 705 1229 et
745 1163 921 1228 Doni
956 1161 1222 1245 Ghusci,
1272 1162 1772 1246 merciariorum,
1824 1163 1945 1226 sub
1994 1185 2164 1227 anno
2194 1161 2463 1228 Domini
2512 1173 2575 1226 et
2621 1161 2974 1227 indictione
3021 1160 3267 1247 predic-

391 1281 476 1346 tis
534 1290 599 1346 et
656 1282 851 1346 etiam
898 1279 1248 1344 indictione
1296 1287 1525 1364 quarta
1571 1275 1769 1362 (wohl
1816 1301 1963 1343 vom
2014 1280 2119 1344 25.
2155 1275 2534 1366 September
2584 1279 2759 1345 1320
2804 1274 2914 1361 an)
2962 1289 3026 1344 et
3072 1277 3266 1344 etiam

392 1408 619 1486 postea
675 1406 961 1484 tempore
1018 1419 1212 1482 quam
1258 1395 1538 1482 plurium
1586 1395 1857 1460 aliorum
1907 1395 2434 1482 subsequentium
2485 1395 2820 1460 consulum
2869 1395 3038 1460 dicte
3087 1394 3264 1476 artie,

393 1523 458 1580 et
504 1513 747 1600 scripta
792 1535 907 1598 per
952 1536 1054 1579 me
1101 1508 1279 1577 Salui
1327 1511 1487 1577 Dini
1535 1511 1614 1577 de
1661 1511 2012 1596 Florentia,
2061 1513 2384 1577 notarium
2431 1521 2495 1577 et
2542 1511 2824 1579 scribam
2871 1511 3042 1576 dicte
3089 1511 3265 1576 artie.

1018 1710 1389 1796 Inprimis
1438 1709 1526 1775 de
1574 1721 1798 1775 sextu
1844 1709 2202 1776 Ultrarni
2253 1685 2644 1775 ciuitatis,

620 1849 686 1938 1)
731 1853 908 1919 Jetzt
961 1853 1176 1939 folgen
1235 1854 1401 1919 viele
1447 1854 1700 1920 Namen
1746 1878 1874 1919 von
1922 1853 2468 1938 Zunftgenossen,
2526 1853 2631 1918 bei
2683 1853 2892 1918 denen
2938 1874 3042 1916 ser
3089 1846 3271 1916 Salvi

393 1970 549 2036 Dini
600 1969 1067 2036 meistentheils
1115 1967 1249 2054 (bei
1297 1970 1555 2054 einigen
1601 1967 1810 2053 nicht)
1859 1970 1984 2035 den
2015 1970 2220 2034 Beruf
2260 1967 2370 2052 (ob
2405 1969 2672 2052 medico,
2723 1968 2805 2033 ob
2839 1967 3134 2053 speziale,
3186 1966 3269 2031 ob

397 2082 729 2168 merciaio)
775 2087 1130 2168 beigesetzt
1174 2085 1305 2151 hat.
1404 2085 1731 2151 Darunter
1776 2087 2063 2152 befindet
2109 2086 2246 2152 sich
2295 2087 2446 2151 kein
2495 2087 2713 2150 Maler.
2810 2080 3104 2150 Sodann:

618 2227 721 2294 2³*
749 2228 979 2294 Notat:
1029 2228 1107 2294 In
1155 2229 1279 2293 Dei
1329 2231 1587 2295 nomine
1635 2253 1843 2295 amen.
1922 2230 2327 2316 Infrascripti
2375 2238 2525 2295 sunt
2571 2229 2747 2293 noui
2789 2226 3066 2292 artifices
3102 2223 3271 2289 dicte

397 2346 572 2427 artiS,
624 2346 732 2430 qui
780 2353 1067 2431 tempore
1115 2368 1308 2430 quam
1354 2345 1636 2431 plurium
1681 2347 1953 2411 aliorum
1987 2347 2436 2411 consulatuum
2468 2353 2784 2409 uenerunt
2814 2341 2896 2408 ad
2929 2341 3271 2427 collegium

396 2469 817 2526 memoratum
869 2471 933 2524 et
980 2460 1355 2526 iurauerunt
1401 2470 1465 2525 et
1512 2484 1580 2527 se
1630 2472 2107 2548 supposuerunt
2153 2461 2322 2526 dicte
2370 2460 2492 2526 arti
2540 2468 2605 2524 et
2651 2457 3078 2524 iurisdictioni
3123 2479 3270 2521 con-

398 2576 609 2642 sulum
663 2577 819 2641 artis
878 2599 1026 2662 sepe
1086 2576 1255 2641 dicte
1319 2588 1382 2642 et
1435 2578 1677 2664 recepti
1732 2577 1989 2642 fuerunt
2046 2579 2112 2642 in
2171 2578 2440 2661 collegio
2499 2575 2668 2641 dicte
2725 2575 2880 2640 artis
2937 2584 3002 2639 et
3049 2573 3272 2660 scripti

398 2716 513 2779 per
558 2716 659 2758 me
710 2690 1095 2778 Spigliatum
1144 2693 1321 2777 Dini,
1371 2693 1693 2758 notarium
1743 2704 1807 2758 et
1854 2694 2135 2759 scribam
2185 2693 2353 2758 dicte
2402 2693 2558 2758 artis
2607 2701 2725 2757 cet.

621 2808 948 2873 Darunter
993 2807 1146 2874 kein
1190 2809 1417 2874 Maler.

627 2949 727 3017 3¹⁶¹
761 2951 989 3016 Nota-r:
1062 2949 1141 3016 In
1208 2952 1335 3017 Dei
1405 2953 1666 3018 nomine
1737 2976 1943 3018 amen.
2054 2949 2183 3019 Sue
2253 2951 2716 3018 incarnationis
2787 2974 2956 3015 anno
3012 2947 3278 3015 Domini

403 3068 748 3132 millesimo
810 3069 1258 3132 trecentesimo
1306 3069 1637 3155 trigesimo
1686 3079 1931 3153 ottauo,
1990 3059 2346 3134 indictione
2395 3069 2670 3154 septima
2714 3063 3068 3149 (entweder
3111 3063 3280 3128 nach

403 3183 549 3248 dem
597 3185 702 3248 25.
739 3179 1120 3269 September
1171 3185 1341 3249 1338
1390 3184 1547 3249 oder
1594 3208 1741 3249 vom
1792 3189 1848 3251 1.
1883 3185 2135 3250 Januar
2185 3187 2354 3250 1339
2403 3179 2532 3267 an),
2583 3193 2867 3269 tempore
2908 3181 3279 3247 consulatus

404 3298 827 3364 discretorum
873 3301 1157 3364 uirorum
1203 3300 1658 3386 magistrorum
1708 3311 1825 3366 cet.
1874 3297 2120 3386 (folgen
2170 3300 2272 3364 die
2305 3296 2602 3381 Namen).
2678 3296 3085 3382 Infrascripti
3130 3305 3282 3361 sunt

403 3415 555 3480 noui
625 3416 903 3480 artifices
976 3413 1145 3480 dicte
1202 3415 1387 3500 artie,
1463 3417 1571 3502 qui
1630 3427 1912 3503 tempore
1968 3440 2192 3481 eorum
2246 3427 2438 3501 atque
2495 3415 2692 3480 etiam
2746 3426 3032 3498 tempore
3088 3434 3280 3497 quam

402 3530 681 3616 plurium
730 3530 1001 3597 aliorum
1050 3532 1384 3596 consulum
1432 3543 1749 3597 uenerunt
1794 3533 1878 3597 ad
1926 3533 2265 3616 collegium
2315 3540 2457 3615 eet„
2509 3530 2732 3616 scripti
2780 3550 2894 3615 per
2939 3551 3042 3592 me
3090 3527 3280 3592 Jaco-

405 3645 560 3710 bum
606 3646 762 3711 olim
806 3646 979 3711 Nelli
1029 3646 1108 3711 de
1154 3645 1452 3731 UgnanO,
1502 3649 1823 3712 notarium
1871 3661 1936 3713 et
1982 3648 2264 3713 scribam
2312 3647 2484 3712 dicte
2529 3645 2687 3711 artis
2738 3655 2858 3710 cet.

628 3759 958 3826 Darunter
1003 3761 1155 3826 kein
1202 3761 1431 3827 Maler.

626 3903 731 3968 4ter
764 3904 993 3969 Notar:
1043 3903 1121 3968 In
1162 3905 1290 3970 Dei
1334 3906 1594 3970 nomine
1642 3928 1851 3970 amen.
1928 3904 2335 3991 Infrascripti
2384 3915 2534 3969 sunt
2583 3903 2862 3968 artifices
2911 3903 3078 3966 dicte
3126 3901 3282 3966 artis

406 4019 829 4103 medicorum,
890 4021 1337 4105 spetiariorum
1397 4030 1461 4086 et
1507 4022 1989 4086 merciariorum
2039 4021 2118 4086 de
2166 4021 2338 4085 dicto
2387 4030 2574 4085 sextu
2620 4018 2940 4102 Ultrarni,
3001 4017 3112 4103 qui
3159 4028 3280 4082 cet.

407 4146 692 4222 tempore
740 4159 934 4222 quam
979 4136 1259 4222 plurium
1305 4136 1629 4201 ofitiorum
1677 4137 2012 4202 consulum
2063 4136 2231 4202 dicte
2280 4137 2454 4220 artiS,
2514 4135 2739 4221 scripti
2785 4156 2900 4220 per
2945 4157 3047 4198 me
3094 4133 3280 4198 Jaco-

406 4251 563 4316 bum
608 4251 827 4336 Junte,
877 4253 1201 4317 notarium
1246 4262 1311 4317 et
1357 4253 1638 4318 scribam
1684 4253 1855 4318 dicte
1902 4254 2058 4318 artis
2109 4263 2226 4318 cet.

629 4367 961 4434 Darunter
1002 4368 1159 4434 kein
1202 4368 1427 4433 Maler.

633 4509 735 4575 5*
768 4533 936 4597 resp.
972 4510 1075 4576 6¹⁴³r
1106 4510 1337 4577 Notar:
1398 4511 1475 4575 In
1521 4511 1647 4576 Dei
1706 4513 1965 4577 nomine
2020 4535 2226 4577 amen.
2320 4511 2802 4594 ExistentibuS,
2862 4533 2977 4596 pro
3025 4508 3282 4574 comuni

408 4626 736 4692 Florentie
793 4626 1140 4713 deputatis,
1198 4626 1489 4712 prouidis
1548 4627 1704 4693 uiris
1763 4638 1882 4692 cet.
1932 4625 2177 4712 (folgen
2224 4628 2329 4693 die
2377 4622 2682 4712 Namen),
2743 4625 3146 4707 consulibuS,
3198 4660 3281 4668 —

411 4783 680 4845 quorum
750 4759 1030 4825 officium
1096 4760 1382 4825 initiauit
1440 4759 1543 4824 die
1602 4760 1923 4826 kallendis
1979 4760 2271 4825 Januarii
2329 4722 2695 4826 MIIIXLV
2749 4753 3008 4842 (1346),
3081 4757 3283 4822 indic-

410 4877 585 4942 tione
628 4875 837 4941 XIIII
892 4886 956 4940 et
1011 4877 1197 4940 finire
1255 4875 1447 4941 debet
1494 4875 1597 4940 die
1647 4875 1870 4940 ultimo
1917 4876 2198 4962 Aprilis,
2260 4887 2413 4942 tunc
2467 4876 2758 4962 proxime
2806 4873 3282 4959 subsequentiS,

411 5001 475 5056 et
542 4991 1007 5076 subsequenter
1074 5001 1221 5076 post
1289 4991 1445 5055 dicti
1517 4992 1888 5056 consulatus
1948 4991 2223 5056 offitium
2279 5002 2564 5078 tempore
2621 4993 2892 5056 aliorum
2948 4989 3285 5055 consulum

412 5106 580 5171 dicte
629 5107 805 5189 artis,
857 5106 1247 5192 infrascripti
1296 5117 1445 5171 sunt
1490 5129 1713 5172 omnes
1760 5107 2056 5171 homines
2105 5119 2169 5172 et
2213 5131 2504 5194 persone,
2557 5108 2664 5192 qui
2712 5116 2774 5170 et
2820 5129 2942 5191 que
2991 5105 3069 5170 de
3117 5127 3283 5169 nouo

412 5230 726 5285 uenerunt
795 5231 858 5284 et
927 5222 1329 5286 intrauerunt
1396 5221 1477 5287 ad
1547 5233 1751 5286 artem
1818 5221 2202 5308 predictam,
2267 5257 2346 5267 —-
2407 5222 2628 5309 scripti
2697 5244 2809 5307 per
2864 5244 2967 5286 me
3025 5221 3285 5285 Nellum

1409 5535 1490 5552 Ἃ
