<?xml version="1.0" encoding="UTF-8"?>
<!DOCTYPE html PUBLIC "-//W3C//DTD XHTML 1.0 Transitional//EN"
    "http://www.w3.org/TR/xhtml1/DTD/xhtml1-transitional.dtd">
<html xmlns="http://www.w3.org/1999/xhtml" xml:lang="en" lang="en">
 <head>
  <title>
</title>
<meta http-equiv="Content-Type" content="text/html;charset=utf-8" />
  <meta name='ocr-system' content='tesseract 3.04.00' />
  <meta name='ocr-capabilities' content='ocr_page ocr_carea ocr_par ocr_line ocrx_word'/>
</head>
<body>
  <div class='ocr_page' id='page_1' title='image "./dieloggiadeilan00unkngoog_0304.png"; bbox 0 0 4009 5859; ppageno 0'>
   <div class='ocr_carea' id='block_1_1' title="bbox 915 386 2557 650">
    <p class='ocr_par' dir='ltr' id='par_1_1' title="bbox 915 386 2557 650">
     <span class='ocr_line' id='line_1_1' title="bbox 2066 386 2195 475; baseline 0 0"><span class='ocrx_word' id='word_1_1' title='bbox 2066 386 2195 475; x_wconf 72' lang='lat'>288</span> 
     </span>
     <span class='ocr_line' id='line_1_2' title="bbox 915 559 2557 650; baseline 0.001 -25"><span class='ocrx_word' id='word_1_2' title='bbox 915 559 1026 626; x_wconf 75' lang='grc'><strong>23.</strong></span> <span class='ocrx_word' id='word_1_3' title='bbox 1098 563 1231 627; x_wconf 74' lang='lat' dir='ltr'>Die</span> <span class='ocrx_word' id='word_1_4' title='bbox 1281 563 1372 628; x_wconf 86' lang='lat' dir='ltr'>VI</span> <span class='ocrx_word' id='word_1_5' title='bbox 1411 563 1664 649; x_wconf 73' lang='lat' dir='ltr'>Aprilis</span> <span class='ocrx_word' id='word_1_6' title='bbox 1711 569 1884 626; x_wconf 80' lang='lat'><strong><em>1379</em></strong></span> <span class='ocrx_word' id='word_1_7' title='bbox 1935 560 2021 647; x_wconf 85' lang='lat' dir='ltr'>(a.</span> <span class='ocrx_word' id='word_1_8' title='bbox 2058 587 2114 627; x_wconf 86' lang='lat' dir='ltr'>a.</span> <span class='ocrx_word' id='word_1_9' title='bbox 2149 561 2228 627; x_wconf 92' lang='grc' dir='ltr'><strong>Ο.</strong></span> <span class='ocrx_word' id='word_1_10' title='bbox 2278 587 2337 650; x_wconf 90' lang='lat' dir='ltr'>p.</span> <span class='ocrx_word' id='word_1_11' title='bbox 2380 559 2557 644; x_wconf 64' lang='lat'>1222).</span> 
     </span>
    </p>
   </div>
   <div class='ocr_carea' id='block_1_2' title="bbox 689 692 3575 897">
    <p class='ocr_par' dir='ltr' id='par_1_2' title="bbox 689 692 3575 897">
     <span class='ocr_line' id='line_1_3' title="bbox 913 692 3575 784; baseline -0.001 -24"><span class='ocrx_word' id='word_1_12' title='bbox 913 692 1162 760; x_wconf 89' lang='lat' dir='ltr'>Simoni</span> <span class='ocrx_word' id='word_1_13' title='bbox 1209 694 1542 761; x_wconf 79' lang='lat' dir='ltr'>Francisci</span> <span class='ocrx_word' id='word_1_14' title='bbox 1591 696 1865 779; x_wconf 86' lang='lat' dir='ltr'>Talenti,</span> <span class='ocrx_word' id='word_1_15' title='bbox 1917 698 2225 782; x_wconf 80' lang='lat' dir='ltr'>magistro</span> <span class='ocrx_word' id='word_1_16' title='bbox 2272 695 2505 784; x_wconf 82' lang='lat' dir='ltr'>loggie,</span> <span class='ocrx_word' id='word_1_17' title='bbox 2556 719 2670 783; x_wconf 84' lang='lat' dir='ltr'>pro</span> <span class='ocrx_word' id='word_1_18' title='bbox 2720 697 2859 762; x_wconf 88' lang='lat' dir='ltr'>eius</span> <span class='ocrx_word' id='word_1_19' title='bbox 2907 695 3244 777; x_wconf 82' lang='lat' dir='ltr'>laboreri0,</span> <span class='ocrx_word' id='word_1_20' title='bbox 3294 693 3463 759; x_wconf 81' lang='lat' dir='ltr'>facto</span> <span class='ocrx_word' id='word_1_21' title='bbox 3512 705 3575 758; x_wconf 89' lang='lat' dir='ltr'>et</span> 
     </span>
     <span class='ocr_line' id='line_1_4' title="bbox 689 808 2093 897; baseline 0.004 -23"><span class='ocrx_word' id='word_1_22' title='bbox 689 811 901 876; x_wconf 89' lang='lat' dir='ltr'>fiendo</span> <span class='ocrx_word' id='word_1_23' title='bbox 949 808 1101 897; x_wconf 85' lang='lat' dir='ltr'>(sie)</span> <span class='ocrx_word' id='word_1_24' title='bbox 1149 824 1289 897; x_wconf 67' lang='lat' dir='ltr'>cet„</span> <span class='ocrx_word' id='word_1_25' title='bbox 1339 815 1615 879; x_wconf 88' lang='lat' dir='ltr'>florenos</span> <span class='ocrx_word' id='word_1_26' title='bbox 1663 814 1887 880; x_wconf 87' lang='lat' dir='ltr'>decem</span> <span class='ocrx_word' id='word_1_27' title='bbox 1933 815 2093 879; x_wconf 90' lang='lat' dir='ltr'>auri.</span> 
     </span>
    </p>
   </div>
   <div class='ocr_carea' id='block_1_3' title="bbox 919 997 2474 1091">
    <p class='ocr_par' dir='ltr' id='par_1_3' title="bbox 919 997 2474 1091">
     <span class='ocr_line' id='line_1_5' title="bbox 919 997 2474 1091; baseline 0.003 -27"><span class='ocrx_word' id='word_1_28' title='bbox 919 997 1029 1064; x_wconf 83' lang='lat'>24.</span> <span class='ocrx_word' id='word_1_29' title='bbox 1102 1002 1231 1067; x_wconf 81' lang='lat' dir='ltr'>Die</span> <span class='ocrx_word' id='word_1_30' title='bbox 1278 1011 1318 1066; x_wconf 85' lang='lat'><em>5</em></span> <span class='ocrx_word' id='word_1_31' title='bbox 1369 1008 1594 1069; x_wconf 68' lang='lat' dir='ltr'>mensis</span> <span class='ocrx_word' id='word_1_32' title='bbox 1642 1005 1814 1068; x_wconf 78' lang='lat' dir='ltr'>Maii</span> <span class='ocrx_word' id='word_1_33' title='bbox 1856 1000 1940 1088; x_wconf 85' lang='lat' dir='ltr'>(a.</span> <span class='ocrx_word' id='word_1_34' title='bbox 1977 1028 2036 1069; x_wconf 82' lang='lat' dir='ltr'>a.</span> <span class='ocrx_word' id='word_1_35' title='bbox 2071 1001 2149 1069; x_wconf 92' lang='grc' dir='ltr'><strong>Ο.</strong></span> <span class='ocrx_word' id='word_1_36' title='bbox 2201 1027 2261 1091; x_wconf 92' lang='lat' dir='ltr'>p.</span> <span class='ocrx_word' id='word_1_37' title='bbox 2296 1001 2474 1087; x_wconf 84' lang='lat' dir='ltr'><strong>13a).</strong></span> 
     </span>
    </p>
   </div>
   <div class='ocr_carea' id='block_1_4' title="bbox 915 1133 3171 1344">
    <p class='ocr_par' dir='ltr' id='par_1_4' title="bbox 915 1133 3171 1344">
     <span class='ocr_line' id='line_1_6' title="bbox 915 1133 3136 1225; baseline 0.001 -26"><span class='ocrx_word' id='word_1_38' title='bbox 915 1133 1106 1201; x_wconf 90' lang='lat' dir='ltr'>Piero</span> <span class='ocrx_word' id='word_1_39' title='bbox 1154 1136 1206 1200; x_wconf 89' lang='lat' dir='ltr'><strong>F</strong></span> <span class='ocrx_word' id='word_1_40' title='bbox 1209 1139 1484 1203; x_wconf 84' lang='lat' dir='ltr'>rancisci</span> <span class='ocrx_word' id='word_1_41' title='bbox 1535 1138 1808 1222; x_wconf 85' lang='lat' dir='ltr'>Talenti,</span> <span class='ocrx_word' id='word_1_42' title='bbox 1859 1141 2169 1225; x_wconf 83' lang='lat' dir='ltr'>magistro</span> <span class='ocrx_word' id='word_1_43' title='bbox 2216 1141 2449 1225; x_wconf 79' lang='lat' dir='ltr'>loggie,</span> <span class='ocrx_word' id='word_1_44' title='bbox 2500 1140 2779 1204; x_wconf 87' lang='lat' dir='ltr'>florenos</span> <span class='ocrx_word' id='word_1_45' title='bbox 2828 1140 2868 1204; x_wconf 86' lang='lat'><strong>3</strong></span> <span class='ocrx_word' id='word_1_46' title='bbox 2916 1138 3056 1202; x_wconf 81' lang='lat' dir='ltr'>auri</span> <span class='ocrx_word' id='word_1_47' title='bbox 3074 1133 3136 1220; x_wconf 93' lang='lat'>¹).</span> 
     </span>
     <span class='ocr_line' id='line_1_7' title="bbox 915 1253 3171 1344; baseline 0 -25"><span class='ocrx_word' id='word_1_48' title='bbox 915 1253 1204 1319; x_wconf 87' lang='lat' dir='ltr'>Antonio</span> <span class='ocrx_word' id='word_1_49' title='bbox 1250 1254 1572 1321; x_wconf 80' lang='lat' dir='ltr'>Johannis</span> <span class='ocrx_word' id='word_1_50' title='bbox 1617 1255 1908 1340; x_wconf 84' lang='lat' dir='ltr'>Datter0,</span> <span class='ocrx_word' id='word_1_51' title='bbox 1957 1257 2267 1344; x_wconf 79' lang='lat' dir='ltr'>magistro</span> <span class='ocrx_word' id='word_1_52' title='bbox 2314 1257 2547 1343; x_wconf 80' lang='lat' dir='ltr'>loggie,</span> <span class='ocrx_word' id='word_1_53' title='bbox 2598 1257 2874 1322; x_wconf 89' lang='lat' dir='ltr'>florenos</span> <span class='ocrx_word' id='word_1_54' title='bbox 2923 1257 2963 1321; x_wconf 86' lang='lat'><strong>3</strong></span> <span class='ocrx_word' id='word_1_55' title='bbox 3010 1253 3171 1320; x_wconf 81' lang='lat' dir='ltr'>auri.</span> 
     </span>
    </p>
   </div>
   <div class='ocr_carea' id='block_1_5' title="bbox 917 1437 2463 1536">
    <p class='ocr_par' dir='ltr' id='par_1_5' title="bbox 917 1437 2463 1536">
     <span class='ocr_line' id='line_1_8' title="bbox 917 1437 2463 1536; baseline 0.006 -31"><span class='ocrx_word' id='word_1_56' title='bbox 917 1437 1028 1506; x_wconf 80' lang='grc'><strong>25.</strong></span> <span class='ocrx_word' id='word_1_57' title='bbox 1078 1443 1209 1508; x_wconf 78' lang='lat' dir='ltr'>Die</span> <span class='ocrx_word' id='word_1_58' title='bbox 1252 1443 1487 1512; x_wconf 88' lang='lat' dir='ltr'><em>XIIII</em></span> <span class='ocrx_word' id='word_1_59' title='bbox 1521 1447 1712 1514; x_wconf 79' lang='lat' dir='ltr'>Junii</span> <span class='ocrx_word' id='word_1_60' title='bbox 1753 1446 1838 1535; x_wconf 83' lang='lat' dir='ltr'>(a.</span> <span class='ocrx_word' id='word_1_61' title='bbox 1873 1473 1930 1515; x_wconf 80' lang='lat' dir='ltr'>a.</span> <span class='ocrx_word' id='word_1_62' title='bbox 1969 1446 2051 1514; x_wconf 91' lang='grc' dir='ltr'><strong>Ο.</strong></span> <span class='ocrx_word' id='word_1_63' title='bbox 2099 1473 2160 1536; x_wconf 90' lang='lat' dir='ltr'>p.</span> <span class='ocrx_word' id='word_1_64' title='bbox 2202 1449 2337 1516; x_wconf 79' lang='lat' dir='ltr'>lssb</span> <span class='ocrx_word' id='word_1_65' title='bbox 2369 1444 2463 1532; x_wconf 88' lang='lat' dir='ltr'><strong>f.).</strong></span> 
     </span>
    </p>
   </div>
   <div class='ocr_carea' id='block_1_6' title="bbox 695 1575 3569 1902">
    <p class='ocr_par' dir='ltr' id='par_1_6' title="bbox 695 1575 3569 1902">
     <span class='ocr_line' id='line_1_9' title="bbox 913 1575 3569 1670; baseline 0 -30"><span class='ocrx_word' id='word_1_66' title='bbox 913 1575 1132 1642; x_wconf 84' lang='lat' dir='ltr'>Nanni</span> <span class='ocrx_word' id='word_1_67' title='bbox 1177 1577 1438 1668; x_wconf 89' lang='lat' dir='ltr'>Filippi,</span> <span class='ocrx_word' id='word_1_68' title='bbox 1489 1583 1799 1668; x_wconf 82' lang='lat' dir='ltr'>magistro</span> <span class='ocrx_word' id='word_1_69' title='bbox 1846 1582 2036 1668; x_wconf 83' lang='lat' dir='ltr'>logie,</span> <span class='ocrx_word' id='word_1_70' title='bbox 2087 1583 2198 1670; x_wconf 91' lang='lat' dir='ltr'>qui</span> <span class='ocrx_word' id='word_1_71' title='bbox 2245 1581 2481 1648; x_wconf 82' lang='lat' dir='ltr'>cecidit</span> <span class='ocrx_word' id='word_1_72' title='bbox 2526 1590 2591 1646; x_wconf 87' lang='lat' dir='ltr'>et</span> <span class='ocrx_word' id='word_1_73' title='bbox 2638 1579 2820 1646; x_wconf 89' lang='lat' dir='ltr'>stetit</span> <span class='ocrx_word' id='word_1_74' title='bbox 2866 1579 3159 1646; x_wconf 85' lang='lat' dir='ltr'>infirmus</span> <span class='ocrx_word' id='word_1_75' title='bbox 3191 1599 3307 1664; x_wconf 88' lang='lat' dir='ltr'>per</span> <span class='ocrx_word' id='word_1_76' title='bbox 3336 1576 3379 1642; x_wconf 81' lang='lat'>5</span> <span class='ocrx_word' id='word_1_77' title='bbox 3412 1575 3569 1658; x_wconf 85' lang='lat' dir='ltr'>dies,</span> 
     </span>
     <span class='ocr_line' id='line_1_10' title="bbox 695 1693 1591 1783; baseline 0.011 -28"><span class='ocrx_word' id='word_1_78' title='bbox 695 1725 778 1734; x_wconf 88' lang='lat'>-—</span> <span class='ocrx_word' id='word_1_79' title='bbox 826 1693 1067 1759; x_wconf 90' lang='lat' dir='ltr'>solidos</span> <span class='ocrx_word' id='word_1_80' title='bbox 1115 1695 1345 1782; x_wconf 83' lang='lat' dir='ltr'>uiginti</span> <span class='ocrx_word' id='word_1_81' title='bbox 1393 1695 1591 1783; x_wconf 65' lang='lat' dir='ltr'>sex2).</span> 
     </span>
     <span class='ocr_line' id='line_1_11' title="bbox 918 1795 2921 1902; baseline 0.001 -27"><span class='ocrx_word' id='word_1_82' title='bbox 918 1806 1168 1877; x_wconf 88' lang='lat' dir='ltr'>Simoni</span> <span class='ocrx_word' id='word_1_83' title='bbox 1216 1813 1548 1882; x_wconf 80' lang='lat' dir='ltr'>Francisei</span> <span class='ocrx_word' id='word_1_84' title='bbox 1599 1815 1873 1900; x_wconf 82' lang='lat' dir='ltr'>Talenti,</span> <span class='ocrx_word' id='word_1_85' title='bbox 1923 1795 2253 1902; x_wconf 75' lang='lat' dir='ltr'>magistm,</span> <span class='ocrx_word' id='word_1_86' title='bbox 2302 1816 2579 1881; x_wconf 88' lang='lat' dir='ltr'>florenos</span> <span class='ocrx_word' id='word_1_87' title='bbox 2634 1816 2718 1880; x_wconf 88' lang='grc'>10</span> <span class='ocrx_word' id='word_1_88' title='bbox 2762 1813 2921 1878; x_wconf 82' lang='lat' dir='ltr'>auri.</span> 
     </span>
    </p>
   </div>
   <div class='ocr_carea' id='block_1_7' title="bbox 921 1995 2354 2091">
    <p class='ocr_par' dir='ltr' id='par_1_7' title="bbox 921 1995 2354 2091">
     <span class='ocr_line' id='line_1_12' title="bbox 921 1995 2354 2091; baseline 0.006 -30"><span class='ocrx_word' id='word_1_89' title='bbox 921 1995 1036 2062; x_wconf 73' lang='grc'><strong>26.</strong></span> <span class='ocrx_word' id='word_1_90' title='bbox 1108 2001 1238 2065; x_wconf 76' lang='lat' dir='ltr'>Die</span> <span class='ocrx_word' id='word_1_91' title='bbox 1284 2001 1466 2067; x_wconf 88' lang='lat' dir='ltr'>XXI</span> <span class='ocrx_word' id='word_1_92' title='bbox 1499 2004 1690 2070; x_wconf 76' lang='lat' dir='ltr'>Junii</span> <span class='ocrx_word' id='word_1_93' title='bbox 1732 2001 1815 2089; x_wconf 86' lang='lat' dir='ltr'>(a.</span> <span class='ocrx_word' id='word_1_94' title='bbox 1853 2029 1908 2070; x_wconf 83' lang='lat' dir='ltr'>a.</span> <span class='ocrx_word' id='word_1_95' title='bbox 1945 2003 2024 2071; x_wconf 90' lang='grc' dir='ltr'><strong>Ο.</strong></span> <span class='ocrx_word' id='word_1_96' title='bbox 2076 2029 2135 2091; x_wconf 88' lang='lat' dir='ltr'>p.</span> <span class='ocrx_word' id='word_1_97' title='bbox 2175 1999 2354 2087; x_wconf 81' lang='lat' dir='ltr'><strong>19a).</strong></span> 
     </span>
    </p>
   </div>
   <div class='ocr_carea' id='block_1_8' title="bbox 692 2128 3575 2320">
    <p class='ocr_par' dir='ltr' id='par_1_8' title="bbox 692 2128 3575 2320">
     <span class='ocr_line' id='line_1_13' title="bbox 916 2128 3575 2224; baseline 0 -28"><span class='ocrx_word' id='word_1_98' title='bbox 916 2128 1162 2198; x_wconf 88' lang='lat' dir='ltr'>Simoni</span> <span class='ocrx_word' id='word_1_99' title='bbox 1211 2134 1265 2200; x_wconf 87' lang='lat' dir='ltr'><strong>F</strong></span> <span class='ocrx_word' id='word_1_100' title='bbox 1269 2139 1546 2202; x_wconf 84' lang='lat' dir='ltr'>rancisci</span> <span class='ocrx_word' id='word_1_101' title='bbox 1594 2139 1869 2224; x_wconf 83' lang='lat' dir='ltr'>Talenti‚</span> <span class='ocrx_word' id='word_1_102' title='bbox 1919 2139 2231 2224; x_wconf 78' lang='lat' dir='ltr'>magistro</span> <span class='ocrx_word' id='word_1_103' title='bbox 2282 2137 2469 2222; x_wconf 83' lang='lat' dir='ltr'>logie,</span> <span class='ocrx_word' id='word_1_104' title='bbox 2520 2137 2796 2202; x_wconf 89' lang='lat' dir='ltr'>florenos</span> <span class='ocrx_word' id='word_1_105' title='bbox 2862 2137 2943 2201; x_wconf 84' lang='lat'>15</span> <span class='ocrx_word' id='word_1_106' title='bbox 2990 2134 3149 2218; x_wconf 81' lang='lat' dir='ltr'>auri,</span> <span class='ocrx_word' id='word_1_107' title='bbox 3201 2144 3266 2199; x_wconf 90' lang='lat' dir='ltr'>et</span> <span class='ocrx_word' id='word_1_108' title='bbox 3310 2133 3419 2220; x_wconf 88' lang='lat' dir='ltr'>qui</span> <span class='ocrx_word' id='word_1_109' title='bbox 3466 2155 3575 2219; x_wconf 91' lang='lat' dir='ltr'>po-</span> 
     </span>
     <span class='ocr_line' id='line_1_14' title="bbox 692 2249 1622 2320; baseline 0.012 -11"><span class='ocrx_word' id='word_1_110' title='bbox 692 2256 927 2312; x_wconf 80' lang='lat' dir='ltr'>nantur</span> <span class='ocrx_word' id='word_1_111' title='bbox 973 2249 1056 2314; x_wconf 83' lang='lat' dir='ltr'>ad</span> <span class='ocrx_word' id='word_1_112' title='bbox 1103 2250 1239 2316; x_wconf 89' lang='lat' dir='ltr'>eius</span> <span class='ocrx_word' id='word_1_113' title='bbox 1287 2253 1622 2320; x_wconf 86' lang='lat' dir='ltr'>rationem.</span> 
     </span>
    </p>
   </div>
   <div class='ocr_carea' id='block_1_9' title="bbox 918 2434 2600 2528">
    <p class='ocr_par' dir='ltr' id='par_1_9' title="bbox 918 2434 2600 2528">
     <span class='ocr_line' id='line_1_15' title="bbox 918 2434 2600 2528; baseline 0.006 -29"><span class='ocrx_word' id='word_1_114' title='bbox 918 2434 1024 2500; x_wconf 76' lang='lat'>27.</span> <span class='ocrx_word' id='word_1_115' title='bbox 1095 2439 1226 2503; x_wconf 79' lang='lat' dir='ltr'>Die</span> <span class='ocrx_word' id='word_1_116' title='bbox 1270 2440 1328 2506; x_wconf 89' lang='lat' dir='ltr'><em>V</em></span> <span class='ocrx_word' id='word_1_117' title='bbox 1368 2443 1648 2528; x_wconf 70' lang='lat' dir='ltr'>Auyueti</span> <span class='ocrx_word' id='word_1_118' title='bbox 1690 2439 1775 2527; x_wconf 88' lang='lat' dir='ltr'>(a.</span> <span class='ocrx_word' id='word_1_119' title='bbox 1809 2467 1864 2507; x_wconf 85' lang='lat' dir='ltr'>a.</span> <span class='ocrx_word' id='word_1_120' title='bbox 1902 2440 1980 2507; x_wconf 92' lang='grc' dir='ltr'><strong>Ο.</strong></span> <span class='ocrx_word' id='word_1_121' title='bbox 2031 2443 2179 2508; x_wconf 84' lang='lat' dir='ltr'>filza</span> <span class='ocrx_word' id='word_1_122' title='bbox 2222 2444 2299 2507; x_wconf 95' lang='grc'>11</span> <span class='ocrx_word' id='word_1_123' title='bbox 2352 2463 2412 2528; x_wconf 90' lang='lat' dir='ltr'>p.</span> <span class='ocrx_word' id='word_1_124' title='bbox 2452 2438 2600 2523; x_wconf 62' lang='lat' dir='ltr'>bb).</span> 
     </span>
    </p>
   </div>
   <div class='ocr_carea' id='block_1_10' title="bbox 693 2569 3581 4521">
    <p class='ocr_par' dir='ltr' id='par_1_10' title="bbox 693 2569 3578 3588">
     <span class='ocr_line' id='line_1_16' title="bbox 919 2569 3575 2662; baseline 0.001 -28"><span class='ocrx_word' id='word_1_125' title='bbox 919 2569 1204 2637; x_wconf 87' lang='lat' dir='ltr'>Predicti</span> <span class='ocrx_word' id='word_1_126' title='bbox 1253 2577 1527 2659; x_wconf 87' lang='lat' dir='ltr'>operarii</span> <span class='ocrx_word' id='word_1_127' title='bbox 1577 2577 1774 2642; x_wconf 87' lang='lat' dir='ltr'>simili</span> <span class='ocrx_word' id='word_1_128' title='bbox 1825 2576 2015 2641; x_wconf 89' lang='lat' dir='ltr'>modo</span> <span class='ocrx_word' id='word_1_129' title='bbox 2064 2585 2128 2639; x_wconf 83' lang='lat' dir='ltr'>et</span> <span class='ocrx_word' id='word_1_130' title='bbox 2172 2576 2379 2639; x_wconf 83' lang='lat' dir='ltr'>forma</span> <span class='ocrx_word' id='word_1_131' title='bbox 2427 2575 2997 2662; x_wconf 86' lang='lat' dir='ltr'>condepnauerunt</span> <span class='ocrx_word' id='word_1_132' title='bbox 3042 2581 3106 2637; x_wconf 90' lang='lat' dir='ltr'>et</span> <span class='ocrx_word' id='word_1_133' title='bbox 3150 2597 3266 2659; x_wconf 91' lang='lat' dir='ltr'>pro</span> <span class='ocrx_word' id='word_1_134' title='bbox 3300 2571 3575 2658; x_wconf 90' lang='lat' dir='ltr'>condep-</span> 
     </span>
     <span class='ocr_line' id='line_1_17' title="bbox 694 2685 3575 2779; baseline 0.001 -31"><span class='ocrx_word' id='word_1_135' title='bbox 694 2694 845 2750; x_wconf 83' lang='lat' dir='ltr'>nato</span> <span class='ocrx_word' id='word_1_136' title='bbox 907 2685 1270 2754; x_wconf 83' lang='lat' dir='ltr'>habuerunt</span> <span class='ocrx_word' id='word_1_137' title='bbox 1325 2687 1656 2757; x_wconf 85' lang='lat' dir='ltr'>Simonem</span> <span class='ocrx_word' id='word_1_138' title='bbox 1719 2692 2043 2779; x_wconf 85' lang='lat' dir='ltr'>quondam</span> <span class='ocrx_word' id='word_1_139' title='bbox 2098 2691 2430 2756; x_wconf 81' lang='lat' dir='ltr'>Francisci</span> <span class='ocrx_word' id='word_1_140' title='bbox 2482 2691 2757 2775; x_wconf 83' lang='lat' dir='ltr'>Talenti,</span> <span class='ocrx_word' id='word_1_141' title='bbox 2828 2714 3029 2754; x_wconf 90' lang='lat' dir='ltr'>unum</span> <span class='ocrx_word' id='word_1_142' title='bbox 3098 2712 3179 2753; x_wconf 87' lang='lat' dir='ltr'>ex</span> <span class='ocrx_word' id='word_1_143' title='bbox 3247 2687 3575 2773; x_wconf 81' lang='lat' dir='ltr'>magistris</span> 
     </span>
     <span class='ocr_line' id='line_1_18' title="bbox 693 2801 3574 2896; baseline 0.001 -32"><span class='ocrx_word' id='word_1_144' title='bbox 693 2801 924 2888; x_wconf 86' lang='lat' dir='ltr'>loggie,</span> <span class='ocrx_word' id='word_1_145' title='bbox 977 2805 1044 2869; x_wconf 92' lang='lat' dir='ltr'>in</span> <span class='ocrx_word' id='word_1_146' title='bbox 1089 2806 1288 2872; x_wconf 80' lang='lat' dir='ltr'>libras</span> <span class='ocrx_word' id='word_1_147' title='bbox 1337 2809 1806 2895; x_wconf 84' lang='lat' dir='ltr'>quinquaginta</span> <span class='ocrx_word' id='word_1_148' title='bbox 1849 2809 1892 2874; x_wconf 87' lang='lat' dir='ltr'>f.</span> <span class='ocrx_word' id='word_1_149' title='bbox 1929 2833 2011 2896; x_wconf 91' lang='lat' dir='ltr'>p.,</span> <span class='ocrx_word' id='word_1_150' title='bbox 2083 2807 2329 2873; x_wconf 87' lang='lat' dir='ltr'>dandas</span> <span class='ocrx_word' id='word_1_151' title='bbox 2387 2819 2451 2872; x_wconf 91' lang='lat' dir='ltr'>et</span> <span class='ocrx_word' id='word_1_152' title='bbox 2498 2807 2843 2873; x_wconf 78' lang='lat' dir='ltr'>soluendus</span> <span class='ocrx_word' id='word_1_153' title='bbox 2891 2805 3176 2893; x_wconf 84' lang='lat' dir='ltr'>generali</span> <span class='ocrx_word' id='word_1_154' title='bbox 3226 2805 3574 2870; x_wconf 81' lang='lat' dir='ltr'>camerario</span> 
     </span>
     <span class='ocr_line' id='line_1_19' title="bbox 696 2920 3573 3012; baseline 0.002 -31"><span class='ocrx_word' id='word_1_155' title='bbox 696 2941 946 2984; x_wconf 83' lang='lat' dir='ltr'>camere</span> <span class='ocrx_word' id='word_1_156' title='bbox 993 2920 1164 2987; x_wconf 88' lang='lat' dir='ltr'>dicte</span> <span class='ocrx_word' id='word_1_157' title='bbox 1211 2924 1422 3009; x_wconf 85' lang='lat' dir='ltr'>operis</span> <span class='ocrx_word' id='word_1_158' title='bbox 1469 2921 1638 3009; x_wconf 89' lang='lat' dir='ltr'>(sic),</span> <span class='ocrx_word' id='word_1_159' title='bbox 1709 2948 1822 3011; x_wconf 89' lang='lat' dir='ltr'>pro</span> <span class='ocrx_word' id='word_1_160' title='bbox 1871 2927 2017 3012; x_wconf 79' lang='lat' dir='ltr'>ipsa</span> <span class='ocrx_word' id='word_1_161' title='bbox 2062 2949 2257 3012; x_wconf 86' lang='lat' dir='ltr'>opera</span> <span class='ocrx_word' id='word_1_162' title='bbox 2301 2925 2658 3011; x_wconf 86' lang='lat' dir='ltr'>recipienti,</span> <span class='ocrx_word' id='word_1_163' title='bbox 2733 2925 2914 2990; x_wconf 84' lang='lat' dir='ltr'>saluo</span> <span class='ocrx_word' id='word_1_164' title='bbox 2962 2934 3311 3006; x_wconf 84' lang='lat' dir='ltr'>reseruato,</span> <span class='ocrx_word' id='word_1_165' title='bbox 3382 2921 3573 3007; x_wconf 89' lang='lat' dir='ltr'>quod,</span> 
     </span>
     <span class='ocr_line' id='line_1_20' title="bbox 695 3034 3575 3127; baseline 0.001 -30"><span class='ocrx_word' id='word_1_166' title='bbox 695 3034 750 3098; x_wconf 89' lang='lat' dir='ltr'>si</span> <span class='ocrx_word' id='word_1_167' title='bbox 799 3034 1007 3102; x_wconf 85' lang='lat' dir='ltr'>dictus</span> <span class='ocrx_word' id='word_1_168' title='bbox 1057 3034 1280 3103; x_wconf 89' lang='lat' dir='ltr'>Simon</span> <span class='ocrx_word' id='word_1_169' title='bbox 1331 3039 1580 3105; x_wconf 81' lang='lat' dir='ltr'>dederit</span> <span class='ocrx_word' id='word_1_170' title='bbox 1629 3064 1826 3105; x_wconf 90' lang='lat' dir='ltr'>unum</span> <span class='ocrx_word' id='word_1_171' title='bbox 1875 3042 2267 3127; x_wconf 84' lang='lat' dir='ltr'>capitellum,</span> <span class='ocrx_word' id='word_1_172' title='bbox 2325 3065 2439 3127; x_wconf 88' lang='lat' dir='ltr'>per</span> <span class='ocrx_word' id='word_1_173' title='bbox 2496 3064 2644 3105; x_wconf 89' lang='lat' dir='ltr'>eum</span> <span class='ocrx_word' id='word_1_174' title='bbox 2690 3041 3035 3125; x_wconf 84' lang='lat' dir='ltr'>inceptum,</span> <span class='ocrx_word' id='word_1_175' title='bbox 3087 3039 3433 3126; x_wconf 84' lang='lat' dir='ltr'>expletum,</span> <span class='ocrx_word' id='word_1_176' title='bbox 3486 3039 3575 3101; x_wconf 89' lang='lat' dir='ltr'>ui-</span> 
     </span>
     <span class='ocr_line' id='line_1_21' title="bbox 695 3148 3577 3239; baseline 0.001 -25"><span class='ocrx_word' id='word_1_177' title='bbox 695 3148 928 3217; x_wconf 86' lang='lat' dir='ltr'>delicet</span> <span class='ocrx_word' id='word_1_178' title='bbox 998 3153 1403 3221; x_wconf 84' lang='lat' dir='ltr'>exfolitatum</span> <span class='ocrx_word' id='word_1_179' title='bbox 1474 3179 1619 3221; x_wconf 88' lang='lat' dir='ltr'>eum</span> <span class='ocrx_word' id='word_1_180' title='bbox 1683 3157 1891 3222; x_wconf 88' lang='lat' dir='ltr'>tribus</span> <span class='ocrx_word' id='word_1_181' title='bbox 1948 3157 2119 3222; x_wconf 86' lang='lat' dir='ltr'>filar:</span> <span class='ocrx_word' id='word_1_182' title='bbox 2192 3151 2588 3239; x_wconf 77' lang='lat' dir='ltr'>(filaribus?)</span> <span class='ocrx_word' id='word_1_183' title='bbox 2655 3167 2718 3220; x_wconf 89' lang='lat' dir='ltr'>et</span> <span class='ocrx_word' id='word_1_184' title='bbox 2772 3155 2958 3221; x_wconf 89' lang='lat' dir='ltr'>foleis</span> <span class='ocrx_word' id='word_1_185' title='bbox 3008 3155 3251 3220; x_wconf 88' lang='lat' dir='ltr'>circum</span> <span class='ocrx_word' id='word_1_186' title='bbox 3299 3155 3487 3234; x_wconf 84' lang='lat' dir='ltr'>circa,</span> <span class='ocrx_word' id='word_1_187' title='bbox 3537 3177 3577 3218; x_wconf 81' lang='lat' dir='ltr'>a</span> 
     </span>
     <span class='ocr_line' id='line_1_22' title="bbox 695 3265 3575 3356; baseline 0.001 -26"><span class='ocrx_word' id='word_1_188' title='bbox 695 3265 870 3332; x_wconf 78' lang='lat' dir='ltr'>dieta</span> <span class='ocrx_word' id='word_1_189' title='bbox 915 3268 1424 3356; x_wconf 85' lang='lat' dir='ltr'>condepnatione</span> <span class='ocrx_word' id='word_1_190' title='bbox 1492 3281 1648 3336; x_wconf 88' lang='lat' dir='ltr'>tune</span> <span class='ocrx_word' id='word_1_191' title='bbox 1714 3283 1779 3337; x_wconf 94' lang='lat' dir='ltr'>et</span> <span class='ocrx_word' id='word_1_192' title='bbox 1847 3273 1914 3336; x_wconf 89' lang='lat' dir='ltr'>in</span> <span class='ocrx_word' id='word_1_193' title='bbox 1970 3296 2047 3337; x_wconf 91' lang='lat' dir='ltr'>eo</span> <span class='ocrx_word' id='word_1_194' title='bbox 2113 3295 2265 3336; x_wconf 87' lang='lat' dir='ltr'>casu</span> <span class='ocrx_word' id='word_1_195' title='bbox 2322 3273 2407 3337; x_wconf 89' lang='lat' dir='ltr'>sit</span> <span class='ocrx_word' id='word_1_196' title='bbox 2470 3271 2744 3336; x_wconf 86' lang='lat' dir='ltr'>liberum</span> <span class='ocrx_word' id='word_1_197' title='bbox 2792 3281 2857 3336; x_wconf 87' lang='lat' dir='ltr'>et</span> <span class='ocrx_word' id='word_1_198' title='bbox 2903 3271 3269 3337; x_wconf 84' lang='lat' dir='ltr'>absolutum</span> <span class='ocrx_word' id='word_1_199' title='bbox 3315 3265 3465 3353; x_wconf 84' lang='lat' dir='ltr'>(sic)</span> <span class='ocrx_word' id='word_1_200' title='bbox 3513 3279 3575 3334; x_wconf 88' lang='lat' dir='ltr'>et</span> 
     </span>
     <span class='ocr_line' id='line_1_23' title="bbox 695 3384 3578 3476; baseline 0.001 -28"><span class='ocrx_word' id='word_1_201' title='bbox 695 3384 962 3449; x_wconf 84' lang='lat' dir='ltr'>abeatur</span> <span class='ocrx_word' id='word_1_202' title='bbox 1007 3408 1122 3471; x_wconf 87' lang='lat' dir='ltr'>pro</span> <span class='ocrx_word' id='word_1_203' title='bbox 1169 3411 1297 3452; x_wconf 90' lang='lat' dir='ltr'>non</span> <span class='ocrx_word' id='word_1_204' title='bbox 1348 3388 1747 3476; x_wconf 81' lang='lat' dir='ltr'>condepnato</span> <span class='ocrx_word' id='word_1_205' title='bbox 1805 3400 1868 3453; x_wconf 88' lang='lat' dir='ltr'>et</span> <span class='ocrx_word' id='word_1_206' title='bbox 1917 3390 2002 3453; x_wconf 90' lang='lat' dir='ltr'>sit</span> <span class='ocrx_word' id='word_1_207' title='bbox 2057 3390 2331 3454; x_wconf 88' lang='lat' dir='ltr'>liberum</span> <span class='ocrx_word' id='word_1_208' title='bbox 2388 3399 2452 3453; x_wconf 89' lang='lat' dir='ltr'>et</span> <span class='ocrx_word' id='word_1_209' title='bbox 2507 3388 2903 3469; x_wconf 82' lang='lat' dir='ltr'>absolutum3</span> <span class='ocrx_word' id='word_1_210' title='bbox 2976 3409 3055 3452; x_wconf 85' lang='lat' dir='ltr'>ex</span> <span class='ocrx_word' id='word_1_211' title='bbox 3124 3409 3297 3452; x_wconf 85' lang='lat' dir='ltr'>nuno</span> <span class='ocrx_word' id='word_1_212' title='bbox 3364 3387 3578 3472; x_wconf 88' lang='lat' dir='ltr'>ipsum</span> 
     </span>
     <span class='ocr_line' id='line_1_24' title="bbox 697 3500 1679 3588; baseline 0.006 -25"><span class='ocrx_word' id='word_1_213' title='bbox 697 3500 1045 3568; x_wconf 83' lang='lat' dir='ltr'>liberamus</span> <span class='ocrx_word' id='word_1_214' title='bbox 1093 3513 1157 3568; x_wconf 86' lang='lat' dir='ltr'>et</span> <span class='ocrx_word' id='word_1_215' title='bbox 1203 3502 1679 3588; x_wconf 73' lang='lat' dir='ltr'>absoluimus3).</span> 
     </span>
    </p>

    <p class='ocr_par' dir='ltr' id='par_1_11' title="bbox 697 3616 3579 3938">
     <span class='ocr_line' id='line_1_25' title="bbox 918 3616 3579 3707; baseline -0.001 -24"><span class='ocrx_word' id='word_1_216' title='bbox 918 3619 1085 3685; x_wconf 85' lang='lat' dir='ltr'>Item</span> <span class='ocrx_word' id='word_1_217' title='bbox 1132 3620 1668 3705; x_wconf 84' lang='lat' dir='ltr'>deliberauerunt,</span> <span class='ocrx_word' id='word_1_218' title='bbox 1720 3622 1892 3707; x_wconf 92' lang='lat' dir='ltr'>quod</span> <span class='ocrx_word' id='word_1_219' title='bbox 1939 3623 2149 3687; x_wconf 83' lang='lat' dir='ltr'>dictus</span> <span class='ocrx_word' id='word_1_220' title='bbox 2196 3621 2462 3686; x_wconf 86' lang='lat' dir='ltr'>Nofrius</span> <span class='ocrx_word' id='word_1_221' title='bbox 2534 3616 2984 3704; x_wconf 85' lang='lat' dir='ltr'>(camerarius)</span> <span class='ocrx_word' id='word_1_222' title='bbox 3042 3619 3151 3686; x_wconf 88' lang='lat' dir='ltr'>det</span> <span class='ocrx_word' id='word_1_223' title='bbox 3208 3631 3271 3683; x_wconf 88' lang='lat' dir='ltr'>et</span> <span class='ocrx_word' id='word_1_224' title='bbox 3330 3629 3579 3682; x_wconf 89' lang='lat' dir='ltr'>mutuet</span> 
     </span>
     <span class='ocr_line' id='line_1_26' title="bbox 697 3733 3575 3824; baseline 0 -26"><span class='ocrx_word' id='word_1_225' title='bbox 697 3743 760 3798; x_wconf 92' lang='lat' dir='ltr'>et</span> <span class='ocrx_word' id='word_1_226' title='bbox 805 3733 957 3800; x_wconf 86' lang='lat' dir='ltr'>dare</span> <span class='ocrx_word' id='word_1_227' title='bbox 1005 3745 1068 3800; x_wconf 88' lang='lat' dir='ltr'>et</span> <span class='ocrx_word' id='word_1_228' title='bbox 1115 3748 1405 3802; x_wconf 85' lang='lat' dir='ltr'>mutuare</span> <span class='ocrx_word' id='word_1_229' title='bbox 1455 3738 1685 3804; x_wconf 86' lang='lat' dir='ltr'>debeat</span> <span class='ocrx_word' id='word_1_230' title='bbox 1733 3735 1982 3803; x_wconf 91' lang='lat' dir='ltr'>Simoni</span> <span class='ocrx_word' id='word_1_231' title='bbox 2034 3738 2357 3824; x_wconf 87' lang='lat' dir='ltr'>quondam</span> <span class='ocrx_word' id='word_1_232' title='bbox 2403 3736 2735 3801; x_wconf 82' lang='lat' dir='ltr'>Francisci</span> <span class='ocrx_word' id='word_1_233' title='bbox 2785 3734 3043 3800; x_wconf 80' lang='lat' dir='ltr'>Talenti</span> <span class='ocrx_word' id='word_1_234' title='bbox 3106 3758 3222 3822; x_wconf 91' lang='lat' dir='ltr'>pro</span> <span class='ocrx_word' id='word_1_235' title='bbox 3272 3735 3443 3798; x_wconf 87' lang='lat' dir='ltr'>dicto</span> <span class='ocrx_word' id='word_1_236' title='bbox 3489 3733 3575 3798; x_wconf 80' lang='lat' dir='ltr'>la-</span> 
     </span>
     <span class='ocr_line' id='line_1_27' title="bbox 697 3850 3505 3938; baseline 0.006 -25"><span class='ocrx_word' id='word_1_237' title='bbox 697 3850 951 3915; x_wconf 90' lang='lat' dir='ltr'>borerio</span> <span class='ocrx_word' id='word_1_238' title='bbox 998 3852 1273 3918; x_wconf 88' lang='lat' dir='ltr'>florenos</span> <span class='ocrx_word' id='word_1_239' title='bbox 1321 3855 1460 3918; x_wconf 85' lang='lat' dir='ltr'>auri</span> <span class='ocrx_word' id='word_1_240' title='bbox 1509 3855 1614 3919; x_wconf 79' lang='lat'>20.</span> <span class='ocrx_word' id='word_1_241' title='bbox 3496 3929 3505 3938; x_wconf 82' lang='grc'><em>,</em></span> 
     </span>
    </p>

    <p class='ocr_par' dir='ltr' id='par_1_12' title="bbox 699 3965 3581 4521">
     <span class='ocr_line' id='line_1_28' title="bbox 919 3965 3577 4057; baseline -0.001 -25"><span class='ocrx_word' id='word_1_242' title='bbox 919 3969 1086 4033; x_wconf 87' lang='lat' dir='ltr'>Item</span> <span class='ocrx_word' id='word_1_243' title='bbox 1157 3971 1352 4035; x_wconf 89' lang='lat' dir='ltr'>simili</span> <span class='ocrx_word' id='word_1_244' title='bbox 1424 3971 1612 4036; x_wconf 90' lang='lat' dir='ltr'>modo</span> <span class='ocrx_word' id='word_1_245' title='bbox 1684 3981 1749 4036; x_wconf 91' lang='lat' dir='ltr'>et</span> <span class='ocrx_word' id='word_1_246' title='bbox 1805 3971 2014 4035; x_wconf 83' lang='lat' dir='ltr'>forma</span> <span class='ocrx_word' id='word_1_247' title='bbox 2075 3970 2344 4057; x_wconf 82' lang='lat' dir='ltr'>predicti</span> <span class='ocrx_word' id='word_1_248' title='bbox 2396 3969 2670 4057; x_wconf 87' lang='lat' dir='ltr'>operarii</span> <span class='ocrx_word' id='word_1_249' title='bbox 2720 3967 3287 4054; x_wconf 81' lang='lat' dir='ltr'>condepnauerunt</span> <span class='ocrx_word' id='word_1_250' title='bbox 3333 3965 3577 4030; x_wconf 84' lang='lat' dir='ltr'>dictum</span> 
     </span>
     <span class='ocr_line' id='line_1_29' title="bbox 699 4080 3575 4173; baseline 0 -26"><span class='ocrx_word' id='word_1_251' title='bbox 699 4080 1032 4150; x_wconf 90' lang='lat' dir='ltr'>Simonem</span> <span class='ocrx_word' id='word_1_252' title='bbox 1078 4109 1192 4170; x_wconf 92' lang='lat' dir='ltr'>pro</span> <span class='ocrx_word' id='word_1_253' title='bbox 1240 4087 1529 4172; x_wconf 83' lang='lat' dir='ltr'>qualibet</span> <span class='ocrx_word' id='word_1_254' title='bbox 1575 4088 1698 4171; x_wconf 91' lang='lat' dir='ltr'>die,</span> <span class='ocrx_word' id='word_1_255' title='bbox 1750 4088 1818 4152; x_wconf 90' lang='lat' dir='ltr'>in</span> <span class='ocrx_word' id='word_1_256' title='bbox 1866 4111 1994 4173; x_wconf 84' lang='lat' dir='ltr'>qua</span> <span class='ocrx_word' id='word_1_257' title='bbox 2040 4089 2179 4173; x_wconf 86' lang='lat' dir='ltr'>ipse</span> <span class='ocrx_word' id='word_1_258' title='bbox 2226 4086 2493 4153; x_wconf 86' lang='lat' dir='ltr'>habebit</span> <span class='ocrx_word' id='word_1_259' title='bbox 2539 4084 2800 4171; x_wconf 87' lang='lat' dir='ltr'>aliquod</span> <span class='ocrx_word' id='word_1_260' title='bbox 2850 4085 3203 4167; x_wconf 86' lang='lat' dir='ltr'>seruitium,</span> <span class='ocrx_word' id='word_1_261' title='bbox 3256 4084 3363 4148; x_wconf 92' lang='lat' dir='ltr'>uel</span> <span class='ocrx_word' id='word_1_262' title='bbox 3406 4082 3575 4169; x_wconf 92' lang='lat' dir='ltr'>quod</span> 
     </span>
     <span class='ocr_line' id='line_1_30' title="bbox 699 4199 3581 4290; baseline 0 -26"><span class='ocrx_word' id='word_1_263' title='bbox 699 4224 824 4265; x_wconf 89' lang='lat' dir='ltr'>non</span> <span class='ocrx_word' id='word_1_264' title='bbox 875 4201 1194 4266; x_wconf 79' lang='lat' dir='ltr'>laborabit</span> <span class='ocrx_word' id='word_1_265' title='bbox 1243 4203 1542 4268; x_wconf 87' lang='lat' dir='ltr'>continue</span> <span class='ocrx_word' id='word_1_266' title='bbox 1587 4200 1713 4287; x_wconf 85' lang='lat'>(!),</span> <span class='ocrx_word' id='word_1_267' title='bbox 1778 4226 1892 4290; x_wconf 87' lang='lat' dir='ltr'>pro</span> <span class='ocrx_word' id='word_1_268' title='bbox 1940 4204 2227 4289; x_wconf 85' lang='lat' dir='ltr'>qualibet</span> <span class='ocrx_word' id='word_1_269' title='bbox 2276 4203 2378 4267; x_wconf 87' lang='lat' dir='ltr'>die</span> <span class='ocrx_word' id='word_1_270' title='bbox 2440 4203 2507 4266; x_wconf 86' lang='lat' dir='ltr'>in</span> <span class='ocrx_word' id='word_1_271' title='bbox 2564 4201 2807 4266; x_wconf 89' lang='lat' dir='ltr'>solidos</span> <span class='ocrx_word' id='word_1_272' title='bbox 2863 4202 2950 4266; x_wconf 78' lang='lat'>20</span> <span class='ocrx_word' id='word_1_273' title='bbox 2996 4201 3037 4266; x_wconf 86' lang='lat' dir='ltr'>f.</span> <span class='ocrx_word' id='word_1_274' title='bbox 3074 4225 3156 4286; x_wconf 93' lang='lat' dir='ltr'>p.,</span> <span class='ocrx_word' id='word_1_275' title='bbox 3221 4199 3467 4264; x_wconf 85' lang='lat' dir='ltr'>dandos</span> <span class='ocrx_word' id='word_1_276' title='bbox 3515 4209 3581 4264; x_wconf 89' lang='lat' dir='ltr'>et</span> 
     </span>
     <span class='ocr_line' id='line_1_31' title="bbox 699 4313 3577 4405; baseline 0 -26"><span class='ocrx_word' id='word_1_277' title='bbox 699 4316 1044 4382; x_wconf 87' lang='lat' dir='ltr'>soluendos</span> <span class='ocrx_word' id='word_1_278' title='bbox 1094 4319 1444 4383; x_wconf 78' lang='lat' dir='ltr'>camerario</span> <span class='ocrx_word' id='word_1_279' title='bbox 1495 4319 1664 4384; x_wconf 86' lang='lat' dir='ltr'>dicte</span> <span class='ocrx_word' id='word_1_280' title='bbox 1713 4319 1924 4405; x_wconf 88' lang='lat' dir='ltr'>operis</span> <span class='ocrx_word' id='word_1_281' title='bbox 1972 4315 2144 4402; x_wconf 84' lang='lat' dir='ltr'>(sio),</span> <span class='ocrx_word' id='word_1_282' title='bbox 2198 4329 2260 4383; x_wconf 90' lang='lat' dir='ltr'>et</span> <span class='ocrx_word' id='word_1_283' title='bbox 2308 4319 2508 4384; x_wconf 87' lang='lat' dir='ltr'>scitur</span> <span class='ocrx_word' id='word_1_284' title='bbox 2553 4313 2715 4401; x_wconf 81' lang='lat'><strong>(‘?)⁴)</strong></span> <span class='ocrx_word' id='word_1_285' title='bbox 2765 4316 3007 4382; x_wconf 86' lang='lat' dir='ltr'>dictum</span> <span class='ocrx_word' id='word_1_286' title='bbox 3042 4341 3146 4382; x_wconf 88' lang='lat' dir='ltr'>ser</span> <span class='ocrx_word' id='word_1_287' title='bbox 3174 4317 3388 4381; x_wconf 85' lang='lat' dir='ltr'>Barne</span> <span class='ocrx_word' id='word_1_288' title='bbox 3420 4315 3577 4380; x_wconf 80' lang='lat' dir='ltr'>Bar-</span> 
     </span>
     <span class='ocr_line' id='line_1_32' title="bbox 701 4433 2181 4521; baseline 0.003 -26"><span class='ocrx_word' id='word_1_289' title='bbox 701 4433 832 4516; x_wconf 89' lang='lat' dir='ltr'>toli,</span> <span class='ocrx_word' id='word_1_290' title='bbox 884 4433 1274 4518; x_wconf 83' lang='lat' dir='ltr'>proueditori</span> <span class='ocrx_word' id='word_1_291' title='bbox 1325 4447 1388 4500; x_wconf 91' lang='lat' dir='ltr'>et</span> <span class='ocrx_word' id='word_1_292' title='bbox 1435 4436 1684 4500; x_wconf 86' lang='lat' dir='ltr'>notario</span> <span class='ocrx_word' id='word_1_293' title='bbox 1733 4435 1901 4500; x_wconf 88' lang='lat' dir='ltr'>dicte</span> <span class='ocrx_word' id='word_1_294' title='bbox 1947 4437 2181 4521; x_wconf 87' lang='lat' dir='ltr'>loggie.</span> 
     </span>
    </p>
   </div>
   <div class='ocr_carea' id='block_1_11' title="bbox 701 4702 3581 5209">
    <p class='ocr_par' dir='ltr' id='par_1_13' title="bbox 701 4702 3581 4851">
     <span class='ocr_line' id='line_1_33' title="bbox 883 4702 3581 4780; baseline -0.002 -18"><span class='ocrx_word' id='word_1_295' title='bbox 883 4708 920 4776; x_wconf 90' lang='lat'>¹)</span> <span class='ocrx_word' id='word_1_296' title='bbox 961 4705 1044 4762; x_wconf 93' lang='lat' dir='ltr'>Ob</span> <span class='ocrx_word' id='word_1_297' title='bbox 1085 4707 1168 4760; x_wconf 74' lang='lat' dir='ltr'>ssir</span> <span class='ocrx_word' id='word_1_298' title='bbox 1207 4707 1412 4762; x_wconf 85' lang='lat' dir='ltr'>Simoni</span> <span class='ocrx_word' id='word_1_299' title='bbox 1459 4709 1856 4780; x_wconf 73' lang='lat' dir='ltr'>vorschrieben,</span> <span class='ocrx_word' id='word_1_300' title='bbox 1912 4709 2047 4764; x_wconf 86' lang='lat' dir='ltr'>oder</span> <span class='ocrx_word' id='word_1_301' title='bbox 2102 4711 2187 4764; x_wconf 85' lang='lat' dir='ltr'>ein</span> <span class='ocrx_word' id='word_1_302' title='bbox 2244 4709 2473 4763; x_wconf 73' lang='lat' dir='ltr'>andei-er</span> <span class='ocrx_word' id='word_1_303' title='bbox 2518 4706 2806 4762; x_wconf 79' lang='lat' dir='ltr'>Arbeiter?</span> <span class='ocrx_word' id='word_1_304' title='bbox 2898 4705 3003 4758; x_wconf 82' lang='lat' dir='ltr'>Die</span> <span class='ocrx_word' id='word_1_305' title='bbox 3040 4703 3279 4774; x_wconf 77' lang='lat' dir='ltr'>Zahlung</span> <span class='ocrx_word' id='word_1_306' title='bbox 3320 4702 3457 4756; x_wconf 81' lang='lat' dir='ltr'>wohl</span> <span class='ocrx_word' id='word_1_307' title='bbox 3496 4703 3581 4757; x_wconf 77' lang='lat' dir='ltr'>ffir</span> 
     </span>
     <span class='ocr_line' id='line_1_34' title="bbox 701 4793 1038 4851; baseline 0.009 -3"><span class='ocrx_word' id='word_1_308' title='bbox 701 4793 790 4849; x_wconf 87' lang='lat' dir='ltr'>die</span> <span class='ocrx_word' id='word_1_309' title='bbox 825 4794 1038 4851; x_wconf 85' lang='lat' dir='ltr'>Pfoiler.</span> 
     </span>
    </p>

    <p class='ocr_par' dir='ltr' id='par_1_14' title="bbox 701 4880 3577 5046">
     <span class='ocr_line' id='line_1_35' title="bbox 877 4880 3577 4959; baseline -0.001 -21"><span class='ocrx_word' id='word_1_310' title='bbox 877 4885 918 4954; x_wconf 76' lang='lat'>²)</span> <span class='ocrx_word' id='word_1_311' title='bbox 955 4885 1312 4956; x_wconf 84' lang='lat' dir='ltr'>Dergloichen</span> <span class='ocrx_word' id='word_1_312' title='bbox 1349 4885 1660 4958; x_wconf 84' lang='lat' dir='ltr'>Zahluugen</span> <span class='ocrx_word' id='word_1_313' title='bbox 1695 4905 1800 4940; x_wconf 86' lang='lat' dir='ltr'>von</span> <span class='ocrx_word' id='word_1_314' title='bbox 1838 4885 2535 4959; x_wconf 65' lang='lat' dir='ltr'>Entsohfidigungsgeldern</span> <span class='ocrx_word' id='word_1_315' title='bbox 2574 4883 2661 4937; x_wconf 77' lang='lat' dir='ltr'>ssu·</span> <span class='ocrx_word' id='word_1_316' title='bbox 2696 4881 2913 4936; x_wconf 66' lang='lat' dir='ltr'>Unsfille</span> <span class='ocrx_word' id='word_1_317' title='bbox 2953 4889 3052 4936; x_wconf 76' lang='lat' dir='ltr'>cet.</span> <span class='ocrx_word' id='word_1_318' title='bbox 3094 4881 3373 4952; x_wconf 81' lang='lat' dir='ltr'>begogncn</span> <span class='ocrx_word' id='word_1_319' title='bbox 3412 4880 3577 4934; x_wconf 75' lang='lat' dir='ltr'>ofters</span> 
     </span>
     <span class='ocr_line' id='line_1_36' title="bbox 701 4973 2821 5046; baseline 0 -19"><span class='ocrx_word' id='word_1_320' title='bbox 701 4973 756 5026; x_wconf 89' lang='lat' dir='ltr'>in</span> <span class='ocrx_word' id='word_1_321' title='bbox 794 4973 896 5028; x_wconf 87' lang='lat' dir='ltr'>den</span> <span class='ocrx_word' id='word_1_322' title='bbox 933 4974 1182 5029; x_wconf 75' lang='lat' dir='ltr'>Bfichern</span> <span class='ocrx_word' id='word_1_323' title='bbox 1222 4974 1317 5030; x_wconf 90' lang='lat' dir='ltr'>der</span> <span class='ocrx_word' id='word_1_324' title='bbox 1354 4975 1557 5046; x_wconf 80' lang='lat' dir='ltr'>Opera:</span> <span class='ocrx_word' id='word_1_325' title='bbox 1597 4975 1740 5030; x_wconf 87' lang='lat' dir='ltr'>doch</span> <span class='ocrx_word' id='word_1_326' title='bbox 1779 4975 1918 5030; x_wconf 89' lang='lat' dir='ltr'>habe</span> <span class='ocrx_word' id='word_1_327' title='bbox 1955 4977 2041 5031; x_wconf 87' lang='lat' dir='ltr'>ich</span> <span class='ocrx_word' id='word_1_328' title='bbox 2078 4995 2179 5032; x_wconf 85' lang='lat' dir='ltr'>nur</span> <span class='ocrx_word' id='word_1_329' title='bbox 2214 4977 2388 5046; x_wconf 85' lang='lat' dir='ltr'>einige</span> <span class='ocrx_word' id='word_1_330' title='bbox 2428 4974 2599 5027; x_wconf 82' lang='lat' dir='ltr'>davon</span> <span class='ocrx_word' id='word_1_331' title='bbox 2640 4974 2821 5027; x_wconf 86' lang='lat' dir='ltr'>notirt.</span> 
     </span>
    </p>

    <p class='ocr_par' dir='ltr' id='par_1_15' title="bbox 701 5057 3581 5209">
     <span class='ocr_line' id='line_1_37' title="bbox 878 5057 3581 5132; baseline -0.002 -14"><span class='ocrx_word' id='word_1_332' title='bbox 878 5065 920 5132; x_wconf 76' lang='lat'>³)</span> <span class='ocrx_word' id='word_1_333' title='bbox 959 5065 1061 5118; x_wconf 89' lang='lat' dir='ltr'>Die</span> <span class='ocrx_word' id='word_1_334' title='bbox 1097 5064 1361 5119; x_wconf 88' lang='lat' dir='ltr'>Urkunde</span> <span class='ocrx_word' id='word_1_335' title='bbox 1400 5065 1470 5118; x_wconf 79' lang='lat' dir='ltr'>ist</span> <span class='ocrx_word' id='word_1_336' title='bbox 1506 5063 1708 5120; x_wconf 85' lang='lat' dir='ltr'>schwer</span> <span class='ocrx_word' id='word_1_337' title='bbox 1747 5085 1810 5119; x_wconf 88' lang='lat' dir='ltr'>zu</span> <span class='ocrx_word' id='word_1_338' title='bbox 1852 5065 2152 5127; x_wconf 85' lang='lat' dir='ltr'>entziffern;</span> <span class='ocrx_word' id='word_1_339' title='bbox 2192 5063 2290 5116; x_wconf 87' lang='lat' dir='ltr'>das</span> <span class='ocrx_word' id='word_1_340' title='bbox 2328 5063 2519 5117; x_wconf 78' lang='lat' dir='ltr'>Latein</span> <span class='ocrx_word' id='word_1_341' title='bbox 2558 5060 2889 5119; x_wconf 80' lang='lat' dir='ltr'>italianisirt:</span> <span class='ocrx_word' id='word_1_342' title='bbox 2930 5059 3071 5113; x_wconf 83' lang='lat' dir='ltr'>‹looh</span> <span class='ocrx_word' id='word_1_343' title='bbox 3110 5059 3285 5113; x_wconf 78' lang='lat' dir='ltr'>dfirste</span> <span class='ocrx_word' id='word_1_344' title='bbox 3324 5057 3422 5112; x_wconf 84' lang='lat' dir='ltr'>der</span> <span class='ocrx_word' id='word_1_345' title='bbox 3446 5057 3581 5112; x_wconf 86' lang='lat' dir='ltr'>Sinn</span> 
     </span>
     <span class='ocr_line' id='line_1_38' title="bbox 701 5153 988 5209; baseline 0.01 -3"><span class='ocrx_word' id='word_1_346' title='bbox 701 5153 821 5207; x_wconf 83' lang='lat' dir='ltr'>klar</span> <span class='ocrx_word' id='word_1_347' title='bbox 855 5155 988 5209; x_wconf 86' lang='lat' dir='ltr'>sein.</span> 
     </span>
    </p>
   </div>
   <div class='ocr_carea' id='block_1_12' title="bbox 879 5233 3017 5315">
    <p class='ocr_par' dir='ltr' id='par_1_16' title="bbox 879 5233 3017 5315">
     <span class='ocr_line' id='line_1_39' title="bbox 879 5233 3017 5315; baseline -0.001 -19"><span class='ocrx_word' id='word_1_348' title='bbox 879 5233 920 5315; x_wconf 70' lang='lat'>⁴&gt;</span> <span class='ocrx_word' id='word_1_349' title='bbox 959 5243 1072 5296; x_wconf 80' lang='lat' dir='ltr'>Das</span> <span class='ocrx_word' id='word_1_350' title='bbox 1112 5242 1274 5297; x_wconf 90' lang='lat' dir='ltr'>Wort</span> <span class='ocrx_word' id='word_1_351' title='bbox 1309 5243 1450 5296; x_wconf 82' lang='lat' dir='ltr'>kann</span> <span class='ocrx_word' id='word_1_352' title='bbox 1490 5243 1574 5297; x_wconf 88' lang='lat' dir='ltr'>ich</span> <span class='ocrx_word' id='word_1_353' title='bbox 1613 5242 1761 5297; x_wconf 89' lang='lat' dir='ltr'>nicht</span> <span class='ocrx_word' id='word_1_354' title='bbox 1798 5242 1961 5312; x_wconf 79' lang='lat' dir='ltr'>lesen,</span> <span class='ocrx_word' id='word_1_355' title='bbox 1999 5240 2269 5294; x_wconf 80' lang='lat' dir='ltr'>vielleicht</span> <span class='ocrx_word' id='word_1_356' title='bbox 2309 5240 2475 5294; x_wconf 89' lang='lat' dir='ltr'>scitur</span> <span class='ocrx_word' id='word_1_357' title='bbox 2512 5239 2644 5294; x_wconf 90' lang='lat' dir='ltr'>oder</span> <span class='ocrx_word' id='word_1_358' title='bbox 2681 5238 2874 5292; x_wconf 86' lang='lat' dir='ltr'>dicitur</span> <span class='ocrx_word' id='word_1_359' title='bbox 2912 5240 3017 5306; x_wconf 60' lang='lat' dir='ltr'><strong>(P).</strong></span> 
     </span>
    </p>
   </div>
  </div>
 </body>
</html>
