4009 5859
1719 433 1845 501 193

351 612 710 678 uexillifero
779 613 1025 678 iustitie
1081 613 1302 699 populi
1362 612 1416 677 F
1417 613 1722 678 lorentini
1791 637 1906 700 per
1975 614 2355 699 magistrum
2412 614 2824 701 Arnolphum
2890 615 2967 680 de
3025 611 3227 698 Colle,

350 728 554 794 filium
601 729 757 794 olim
805 727 1064 794 Cambii
1103 757 1522 780 Λ-Λ-Λ-νκ
1562 724 1732 812 (sic),
1787 752 1979 816 super
2026 729 2456 815 infrascriptis
2496 741 2791 817 porrecta
2837 739 2900 794 et
2928 729 3117 814 facta,
3169 739 3232 794 et

351 845 776 929 considerato,
850 845 1021 932 quod
1067 845 1240 910 idem
1286 845 1594 931 magister
1639 844 2019 932 Arnolphus
2068 855 2166 910 est
2213 845 2421 932 capud
2466 847 2773 932 magister
2816 847 3120 911 laborerii
3169 857 3233 910 et

349 963 561 1048 operis
610 962 880 1026 ecclesie
914 962 1115 1027 Beate
1159 961 1500 1047 Reparate,
1552 961 1814 1026 maioris
1863 961 2135 1026 ecclesie
2166 960 2569 1045 Florentine3
2620 971 2684 1026 et
2730 963 2901 1048 quod
2947 963 3085 1050 ipse
3134 973 3233 1026 est

348 1076 653 1143 famosior
709 1079 1017 1164 magister
1075 1088 1138 1142 et
1196 1079 1402 1166 magis
1458 1087 1762 1164 expertus
1819 1078 1890 1142 in
1937 1077 2502 1143 hedificationibus
2552 1078 2971 1144 ecclesiarum
3016 1078 3230 1165 aliquo

349 1193 502 1278 alio,
575 1195 684 1280 qui
743 1196 811 1259 in
867 1196 1101 1260 uicinis
1158 1195 1450 1281 partibus
1508 1193 1958 1280 cognoscatur3
2033 1203 2097 1258 et
2165 1194 2337 1280 quod
2392 1216 2506 1281 per
2562 1194 2767 1280 ipsius
2826 1195 3228 1279 industriam,

349 1310 814 1396 experientiam
847 1321 912 1375 et
941 1311 1276 1396 ingenium
1306 1333 1576 1376 comune
1609 1320 1673 1375 et
1703 1310 1976 1397 populus
2012 1309 2338 1375 Florentie
2387 1333 2470 1374 ex
2500 1311 2842 1396 magnifico
2892 1320 2955 1376 et
2986 1311 3232 1377 uisibili

349 1427 665 1513 principio
712 1427 868 1492 dicti
902 1429 1114 1515 operis
1148 1427 1416 1494 ecclesie
1449 1426 1772 1511 iamdicte,
1824 1426 2148 1492 inchoacti
2181 1449 2296 1514 per
2327 1427 2541 1512 ipsum
2586 1427 2966 1512 magistrum
2995 1427 3231 1492 Arnol-

348 1542 565 1628 phum,
614 1543 852 1609 habere
903 1553 1119 1631 sperat
1150 1545 1484 1610 uenustius
1533 1555 1596 1608 et
1643 1542 2089 1609 honorabilius
2136 1542 2451 1629 templum
2480 1542 2697 1629 aliquo
2730 1543 2876 1627 alio,
2929 1544 3099 1629 quod
3147 1544 3233 1610 sit

345 1658 416 1726 in
459 1659 753 1745 partibus
796 1659 1049 1745 Tuscie,
1099 1661 1442 1746 prehabito,
1486 1660 1681 1726 etiam
1728 1660 1798 1725 in
1853 1659 1981 1724 hiis
2032 1659 2497 1725 deliberatione
2556 1659 2853 1746 solenpni
2911 1682 3024 1746 per
3071 1660 3229 1725 iam-

349 1775 555 1840 dictos
591 1775 886 1842 dominos
919 1777 1166 1863 priores
1203 1777 1437 1842 artium
1467 1787 1532 1842 et
1562 1776 1998 1841 uexilliferum
2030 1775 2291 1860 iustitie,
2326 1776 2531 1862 ipsius
2563 1775 2859 1862 magistri
2888 1798 3233 1861 personam

348 1890 662 1957 honorare
715 1892 1026 1977 uolentes,
1077 1916 1270 1980 super
1315 1893 1443 1958 hiis
1490 1893 1660 1958 facto
1695 1903 1761 1958 et
1791 1892 2114 1958 celebrato
2163 1891 2331 1956 inter
2378 1915 2487 1956 eos
2530 1891 2826 1978 solenpni
2874 1901 2939 1956 et
2984 1903 3230 1956 secreto

347 2008 704 2094 scruptinio
763 2008 845 2073 ad
900 2009 1180 2094 pissides
1238 2020 1302 2075 et
1347 2009 1660 2097 palloctas
1709 2009 2065 2077 secundum
2120 2008 2390 2073 formam
2448 2009 2699 2092 statuti,
2774 2031 2996 2073 eorum
3042 2007 3230 2072 offitii

347 2125 726 2190 auctoritate
774 2135 838 2190 et
869 2125 1088 2212 uigore
1122 2127 1471 2213 prouisum,
1525 2126 1952 2191 deliberatum
2000 2135 2064 2189 et
2094 2127 2415 2190 firmatum
2464 2123 2610 2189 fuit:
2663 2121 2855 2204 Quod
2888 2123 3229 2188 iamdictus

347 2240 652 2326 magister
683 2239 1082 2328 ArnolphuS,
1133 2242 1340 2308 donec
1373 2243 1628 2327 uixerit,
1681 2251 1889 2307 cesset
1935 2265 1976 2306 a
2003 2241 2191 2307 libris
2225 2251 2289 2306 et
2321 2241 2465 2306 aliis
2496 2241 2887 2328 factionibus
2938 2240 3228 2305 comunis

345 2356 399 2421 F
403 2357 672 2422 lorentie
721 2365 785 2422 et
830 2358 911 2422 ab
960 2359 1054 2423 eis
1103 2369 1166 2424 et
1212 2383 1430 2426 earum
1478 2360 1798 2425 solut-ione
1832 2368 2171 2445 exemptus
2220 2358 2304 2422 sit
2342 2357 2627 2422 totaliter
2674 2366 2737 2420 et
2783 2357 3117 2438 immunis3
3168 2365 3232 2420 et

349 2472 518 2558 quod
563 2497 894 2560 nunquam
939 2475 1191 2540 soluere
1222 2477 1424 2541 libras
1457 2485 1519 2539 et
1563 2475 1876 2540 factiones
1909 2476 1979 2539 in
2027 2475 2283 2539 comuni
2318 2474 2420 2538 uel
2463 2497 2577 2560 pro
2612 2473 2871 2539 comuni
2900 2472 2954 2537 F
2957 2472 3228 2537 lorentie

347 2601 612 2675 cogatur
659 2590 762 2654 uel
809 2591 952 2676 cogi
984 2594 1192 2677 possit
1237 2592 1340 2656 uel
1389 2592 1621 2658 debeat
1666 2591 2093 2678 personaliter
2126 2591 2229 2655 uel
2277 2591 2345 2655 in
2390 2591 2610 2672 rebus;
2663 2589 3033 2653 dumtamen
3081 2588 3229 2654 talis

345 2704 717 2770 immunitas
765 2715 829 2770 et
876 2708 1198 2794 exemptio
1247 2708 1332 2773 ad
1365 2708 1632 2773 heredes
1681 2708 1887 2795 ipsius
1937 2708 2230 2794 magistri
2263 2706 2589 2792 Arnolphi
2637 2705 3044 2792 aliquatenus
3092 2728 3225 2770 non

345 2822 778 2888 transcendat.
869 2821 951 2888 In
1001 2824 1125 2890 hiis
1175 2834 1412 2890 statuto
1463 2824 1565 2889 uel
1611 2824 1836 2890 ordine
1886 2824 2101 2910 aliquo
2148 2847 2279 2889 non
2327 2825 2644 2889 obstante.

569 2991 687 3057 50.
762 2993 952 3058 Anno
1002 3001 1200 3074 1301,
1248 2997 1592 3060 indictione
1639 3001 1746 3074 14,
1797 2995 1899 3058 die
1944 3001 1983 3056 8
2034 2993 2330 3080 Anqueti.
2425 2987 2558 3058 Cfr.
2610 2989 2793 3077 Gaye
2838 2991 2873 3056 I
2920 3015 2981 3078 p.
3016 2992 3167 3057 447.

569 3159 674 3226 51.
746 3164 938 3229 Anno
986 3169 1181 3248 1301,
1246 3160 1616 3247 (indictione
1671 3158 1806 3246 15),
1880 3163 1982 3228 die
2052 3169 2137 3226 15
2212 3161 2501 3226 Octobris
2569 3156 2910 3244 (Consulte
2978 3161 3127 3224 filza
3187 3163 3227 3225 5

346 3301 410 3363 p.
464 3273 646 3361 15b).

573 3412 699 3477 Per
755 3413 1001 3500 priores
1062 3423 1125 3477 et
1173 3411 1608 3477 uexilliferum
1666 3412 1736 3476 in
1793 3410 2058 3497 pallatio
2112 3410 2399 3496 priorum
2453 3410 2767 3496 premisso
2824 3410 2893 3474 in
2950 3409 3075 3475 hiis
3131 3433 3227 3476 so-

351 3526 589 3615 lempni
637 3529 990 3615 scruptinio
1041 3563 1122 3574 —-
1173 3529 1412 3593 electus
1458 3528 1580 3593 fuit
1625 3551 1729 3593 ser
1773 3526 2136 3593 Bonaiutus
2171 3523 2469 3611 Galgani,
2522 3525 2827 3592 notarius.

568 3695 679 3764 52.
749 3698 941 3763 Anno
991 3706 1186 3778 1301,
1236 3698 1338 3762 die
1381 3696 1630 3762 XXVI
1665 3699 1895 3761 menois
1948 3695 2238 3761 Octobris
2284 3692 2626 3777 (Consulte
2674 3697 2715 3761 5
2762 3719 2823 3782 p.
2864 3697 2945 3762 16
2962 3693 3045 3778 a).

567 3829 642 3893 In
695 3830 966 3896 consilio
1036 3841 1293 3896 centum
1363 3832 1666 3896 uirorum.
1727 3865 1811 3876 —-
1870 3827 2079 3916 Super
2150 3831 2474 3917 expensis,
2546 3829 2859 3894 faciendis
2907 3853 3109 3916 usque
3158 3832 3225 3895 in

350 3945 774 4030 quantitatem
840 3946 1153 4012 librarum
1213 3948 1341 4013 339
1387 3948 1428 4013 f.
1472 3971 1554 4034 p.,
1628 3947 2120 4036 expendendam
2177 3947 2259 4012 ad
2328 3945 2766 4034 prouisionem
2823 3946 3108 4032 priorum
3164 3955 3227 4010 et

347 4061 711 4126 uexilliferi.

569 4229 680 4295 53.
755 4233 943 4296 Anno
993 4237 1201 4313 1302,
1273 4233 1616 4298 indictione
1674 4240 1789 4316 15,
1864 4235 1966 4297 die
2014 4231 2145 4297 XX
2164 4231 2261 4296 VI
2307 4235 2539 4296 menois
2586 4231 2817 4306 Martii
2880 4226 3222 4313 (Consulte

349 4345 496 4410 filza
540 4347 580 4411 5
627 4369 688 4432 p.
725 4343 910 4428 2621).

566 4479 647 4544 In
695 4480 966 4546 consilio
1015 4503 1207 4566 quam
1255 4481 1536 4566 plurium
1581 4482 1972 4567 sapientium
2019 4482 2321 4564 uirorum,
2373 4490 2759 4565 congregato
2793 4501 3010 4546 coram
3054 4481 3222 4566 prio-

350 4595 527 4659 ribus
575 4607 638 4658 et
683 4596 1045 4662 uexillifero
1095 4597 1162 4660 in
1209 4596 1473 4684 pallatio
1529 4621 1730 4682 nou0,
1805 4599 1874 4664 in
1931 4621 2057 4684 quo
2111 4598 2241 4684 ipsi
2309 4597 2556 4682 priores
2627 4606 2691 4660 et
2738 4595 3059 4662 uexillifer
3104 4620 3220 4683 pro

349 4713 606 4775 comuni
652 4723 986 4777 morantur
1032 4723 1150 4778 cet.
2712 4705 2719 4710 ⁸

569 4877 681 4944 54.
757 4883 942 4946 Anno
993 4887 1185 4966 1302,
1236 4883 1339 4947 die
1384 4889 1472 4946 15
1516 4883 1706 4948 Junii
1749 4880 2021 4969 (ibidem
2066 4906 2129 4969 p.
2164 4877 2348 4966 29a).

568 5013 650 5077 In
695 5015 956 5100 publica
988 5015 1314 5100 concione,
1359 5026 1653 5100 presente
1688 5014 1948 5081 domino
1979 5016 2269 5099 Andrea,
2314 5015 2554 5080 uicario
2588 5015 2830 5080 domini
2863 5015 3221 5102 potestatis,

347 5140 410 5194 et
454 5138 752 5217 presente
787 5129 1045 5194 domino
1077 5130 1308 5215 Naldo,
1345 5132 1700 5218 capitaneO,
1733 5133 2109 5198 iurauerunt
2140 5154 2363 5198 omnes
2406 5131 2651 5217 priores
2686 5141 2749 5196 et
2780 5131 3104 5198 uexillifer
3138 5165 3223 5180 —-

347 5247 416 5310 in
463 5244 738 5310 ecclesia
784 5247 991 5311 sancti
1038 5245 1216 5311 Petri
1247 5243 1557 5312 Scheradi
1605 5260 1726 5313 cet.

451 5368 620 5420 rsty,
649 5367 722 5408 dte
750 5368 927 5418 boggis
956 5367 1026 5407 del
1054 5365 1247 5417 signori.
2724 5369 2794 5422 25
