4009 5859
2094 434 2221 500 130

916 611 1014 678 17.
1086 614 1277 677 Anno
1328 619 1505 677 1286
1538 613 1721 691 (87),
1791 615 2140 677 indictione
2185 621 2306 692 15,
2381 617 2484 677 die
2538 620 2626 677 26
2684 617 2964 678 intrante
3018 637 3222 678 mense
3279 615 3591 679 Janumii

694 727 1091 813 (Provisioni
1142 728 1247 792 del
1296 725 1591 793 Comune
1637 729 1787 794 filza
1838 734 1869 798 1
1922 752 1983 814 p.
2019 729 2175 794 46a.
2242 727 2425 815 Gaye
2473 753 2528 794 a.
2565 753 2622 794 a.
2659 727 2736 794 Ο.
2769 730 2804 793 Ι
2838 755 2897 816 p.
2932 727 3112 814 417).

918 899 999 908 —
1081 860 1363 947 Cognita
1438 861 1769 926 uoluntate
1847 863 2185 926 consulum
2265 874 2512 948 septem
2591 865 2904 929 maiorum
2941 886 2949 894 ·
2984 866 3218 928 artium
3303 865 3583 929 ciuitatis

693 979 1042 1062 Florentie,
1092 991 1593 1043 conuocatorum
1642 989 1705 1041 et
1752 992 2287 1064 congregatorum
2334 1003 2527 1066 super
2572 980 2743 1064 logia
2789 1003 2902 1044 seu
2951 1003 3206 1064 nerone,
3267 982 3584 1045 existente

696 1096 864 1182 apud
921 1095 1258 1181 pallatium
1307 1095 1597 1158 comunis
1644 1094 1697 1158 F
1701 1094 1970 1159 lorentie
2028 1095 2208 1159 iuxta
2255 1095 2587 1159 introitum
2636 1095 2769 1160 sale
2831 1097 3036 1182 ipsius
3083 1095 3350 1182 pallatii,
3409 1120 3583 1160 more

696 1213 905 1276 solito,
980 1247 1061 1254 --
1134 1210 1307 1274 Acta
1360 1209 1620 1274 fuerunt
1675 1210 1793 1275 hee
1854 1234 2046 1297 super
2103 1211 2274 1296 logia
2321 1235 2434 1276 seu
2483 1234 2738 1294 nerone,
2812 1213 3128 1276 existente
3175 1214 3360 1277 iuxta
3411 1213 3582 1298 pala-

695 1329 856 1390 tium
906 1326 1197 1390 comunis
1246 1325 1573 1390 Florentie
1622 1326 1792 1412 apud
1838 1327 2174 1391 introitum
2223 1326 2354 1391 sale
2403 1327 2555 1391 dicti
2607 1327 2850 1413 pallatii
2904 1338 3022 1392 cet.

924 1502 1030 1568 18.
1108 1507 1299 1568 Anno
1357 1511 1564 1586 1290,
1626 1507 1727 1569 die
1780 1511 1820 1568 3
1869 1505 2041 1568 Julii
2093 1502 2371 1588 (Pl-ovis.
2433 1505 2581 1570 filza
2627 1506 2666 1569 2
2717 1529 2776 1592 p.
2815 1507 2952 1570 7lb
3003 1531 3060 1570 u.
3111 1529 3170 1592 p.
3206 1507 3372 1588 99a3
3433 1506 3583 1570 filza

706 1624 749 1686 4
796 1645 856 1708 p.
893 1623 1047 1705 28a‚
1100 1622 1223 1686 alle
1270 1646 1397 1688 von
1448 1621 1764 1707 gleiehem
1809 1617 2101 1705 Datum),
2154 1621 2264 1685 cfr.
2317 1619 2500 1707 Gaye
2546 1621 2599 1686 I.
2650 1645 2710 1708 p.
2746 1622 2894 1687 420.

922 1797 1031 1864 19.
1135 1801 1323 1864 Anno
1398 1807 1603 1881 1291,
1692 1803 2036 1872 indictione
2105 1808 2177 1881 4,
2263 1803 2365 1864 die
2434 1809 2472 1862 5
2545 1803 2799 1886 Aprilis
2875 1797 3226 1884 (Consulto
3309 1747 3458 1864 filza
3537 1802 3576 1864 3

699 1938 761 2002 p.
802 1912 979 1999 lla).

920 2049 998 2113 In
1071 2050 1340 2114 consilio
1412 2061 1671 2114 eentum
1744 2051 2054 2115 uirorum:
2127 2047 2334 2136 Super
2403 2050 2722 2114 solutione
2792 2052 3124 2136 pensionis
3195 2050 3421 2115 domus
3469 2050 3577 2115 Jo-

700 2165 933 2230 hannis
983 2166 1138 2230 olim
1186 2164 1479 2230 Giaeeoti
1531 2167 1608 2230 de
1656 2166 2064 2252 MalaspiniS,
2116 2167 2185 2229 in
2233 2189 2360 2251 qua
2405 2177 2691 2230 moratur
2738 2167 3036 2230 dominus
3083 2168 3478 2252 capitaneus.

922 2343 1040 2409 20.
1134 2347 1325 2410 Anno
1374 2351 1572 2426 1291,
1635 2348 1978 2409 indictione
2025 2353 2084 2428 4,
2160 2347 2263 2410 die
2309 2353 2348 2408 6
2404 2349 2680 2409 int-rante
2727 2367 2929 2410 mense
2984 2347 3244 2431 Aprelie
3295 2343 3574 2428 (ProviS.

700 2461 850 2524 filza
897 2463 937 2526 3
984 2484 1043 2547 p.
1079 2463 1187 2526 9a.
1256 2459 1440 2547 Gaye
1488 2485 1542 2526 a.
1578 2484 1635 2526 a.
1671 2458 1748 2525 O.
1800 2461 1850 2525 I.
1902 2484 1961 2547 p.
1996 2461 2147 2545 422,
2203 2461 2368 2525 doeh
2415 2463 2531 2525 mit
2574 2460 2887 2525 falschem
2934 2455 3225 2544 Datum).

904 2602 1070 2667 Item
1095 2602 1433 2688 Fulehoni,
1460 2604 1594 2667 filio
1620 2603 2048 2688 Bonum-fieri,
2075 2604 2384 2689 magistro
2413 2604 2855 2696 lignaminum,
2883 2604 3102 2691 populi
3129 2614 3350 2668 sancte
3377 2603 3575 2668 Lucie

696 2719 780 2784 ad
851 2729 1145 2784 sanetum
1192 2719 1567 2802 Eusebium,
1631 2743 1745 2806 pro
1805 2721 2208 2804 reparatione
2257 2721 2408 2784 teeti
2458 2720 2703 2806 pallatii
2755 2721 3064 2802 comunis,
3126 2721 3192 2784 in
3242 2742 3366 2804 quo
3413 2721 3578 2783 fiunt

699 2835 971 2899 consilia
1018 2837 1328 2919 comuniS‚
1378 2859 1493 2920 per
1540 2859 1684 2900 eum
1732 2836 2032 2900 omnibus
2082 2837 2216 2906 suis
2274 2837 2576 2922 expensis
2625 2859 2826 2922 usque
2873 2837 2957 2900 ad
3003 2835 3360 2902 Kallendas
3413 2835 3576 2900 Julii

698 2953 989 3036 proxime
1036 2953 1293 3016 uenturi
1338 2951 1689 3015 reffieiendi
1741 2962 1803 3015 et
1850 2952 2194 3037 reparandi
2241 2953 2424 3015 iuxta
2453 2950 2726 3016 formam
2760 2963 3111 3038 pac-torum,
3162 2953 3332 3016 inter
3363 2953 3574 3038 ipsum

699 3065 1097 3130 Fulehonem
1142 3067 1521 3152 magistrum
1570 3091 1649 3130 ex
1708 3092 1837 3131 una
1882 3078 2059 3153 parte
2093 3078 2157 3131 et
2189 3091 2459 3132 comune
2491 3067 2818 3133 Florentie
2851 3092 2964 3133 seu
2997 3069 3383 3133 camerarios
3417 3069 3573 3131 dicti

698 3183 989 3246 comunis
1037 3183 1297 3248 nomine
1348 3185 1549 3270 ipsius
1621 3185 1911 3248 comunis
1983 3208 2066 3247 ex
2114 3185 2315 3248 altera
2362 3185 2667 3249 initorum
2737 3207 2852 3248 seu
2897 3184 3322 3266 iniendorum,
3373 3184 3572 3248 libras

698 3299 829 3362 600
859 3297 901 3361 f.
939 3321 1021 3383 p.‚
1072 3298 1417 3363 dummodo
1468 3300 1604 3385 ipse
1651 3299 1897 3364 Fuleho
1945 3301 2256 3385 magister
2301 3301 2600 3364 restituat
2646 3313 2709 3364 et
2757 3301 3082 3387 persoluat
3129 3301 3318 3365 dietis
3367 3323 3572 3363 eame-

697 3415 885 3478 rariis
934 3415 1192 3478 nomine
1242 3415 1396 3478 dieti
1446 3417 1737 3480 comunis
1786 3439 2009 3480 omnes
2058 3433 2396 3502 expensae,
2455 3440 2568 3502 pro
2629 3416 2883 3482 comuni
2931 3417 3134 3481 factas
3181 3418 3250 3480 in
3299 3416 3570 3480 conduc-

695 3530 871 3593 tione
928 3540 992 3593 et
1036 3553 1150 3615 pro
1198 3531 1625 3596 conductione
1696 3543 1757 3596 et
1829 3533 2126 3617 careggio
2197 3532 2640 3618 lignaminum‚
2713 3556 2827 3618 pro
2899 3535 3153 3598 comuni
3212 3543 3570 3620 emptorum

698 3643 959 3710 Pistorii
1003 3657 1066 3710 et
1100 3645 1416 3732 Quot-tite,
1452 3659 1515 3712 et
1548 3649 1892 3713 dummodo
1926 3650 2100 3713 idem
2125 3649 2178 3713 F
2182 3649 2370 3714 uleho
2404 3650 2714 3734 magister
2746 3683 2827 3693 —
2864 3629 3114 3735 ydonee
3148 3649 3418 3714 satisdet
3449 3660 3568 3713 eet.

918 3824 1023 3892 21.
1095 3829 1285 3894 Anno
1332 3836 1532 3910 1291,
1580 3833 1924 3894 indictione
1972 3837 2036 3911 5,
2095 3833 2197 3894 die
2243 3837 2326 3892 27
2374 3833 2650 3894 intrante
2693 3853 2900 3894 mense
2955 3829 3333 3894 Nouembris
3388 3828 3570 3913 (Pro-

696 3945 817 4010 νίς.
868 3943 1015 4008 filza
1062 3945 1101 4009 3
1150 3968 1211 4030 p.
1248 3941 1435 4027 38b).

915 4087 1081 4152 Item
1130 4089 1200 4152 in
1248 4111 1438 4174 opere
1487 4099 1550 4152 et
1595 4111 1710 4174 pro
1760 4111 1969 4173 opere,
2021 4111 2136 4173 pro
2191 4089 2332 4174 ipso
2403 4087 2661 4152 comuni
2706 4088 3022 4171 faciendo,
3094 4111 3209 4174 pro
3259 4111 3572 4175 campana

696 4204 1007 4286 comunis,
1061 4226 1181 4288 que
1231 4213 1329 4267 est
1376 4227 1568 4290 super
1613 4204 1842 4268 turrim
1901 4204 2158 4288 domuS‚
2207 4205 2278 4268 in
2325 4227 2452 4289 qua
2496 4215 2783 4268 moratur
2839 4205 3135 4270 dominus
3195 4205 3568 4290 capitaneus

694 4343 810 4406 pro
860 4321 1143 4402 comuni,
1193 4342 1307 4405 pro
1356 4320 1499 4405 ipsa
1545 4342 1859 4406 campana
1905 4319 2303 4384 commodius
2372 4319 2708 4405 pulsanda,
2781 4342 2982 4405 usque
3029 4321 3098 4384 in
3146 4322 3570 4405 quantitatem

693 4434 1007 4498 librarum
1055 4436 1158 4500 32.
1190 4435 1233 4500 f.
1267 4459 1328 4521 p.
1379 4447 1497 4501 eet.

918 4622 1028 4688 22.
1104 4626 1363 4688 Eisdem
1392 4626 1605 4705 Amw,
1637 4627 1999 4708 indictione,
2037 4627 2159 4706 die,
2197 4627 2329 4689 loco
2363 4624 2643 4708 (ProviS.
2678 4625 2826 4689 filza
2858 4628 2896 4690 3
2931 4648 2990 4711 p.
3021 4627 3102 4691 38
3116 4621 3205 4709 b),
3243 4625 3354 4690 cfr.
3384 4623 3567 4711 Gaye

694 4764 751 4805 a.
788 4763 842 4804 a.
880 4736 957 4804 Ο.
1006 4740 1041 4803 Ι
1088 4764 1148 4826 p.
1184 4742 1335 4824 422,
1387 4740 1551 4804 doeh
1601 4751 1788 4805 unter
1831 4739 2145 4805 falsehem
2188 4741 2451 4806 Datum.
2502 4777 2578 4786 --
2634 4741 2741 4824 (In
2789 4741 2913 4806 den
2962 4738 3272 4805 Consulte
3325 4739 3494 4823 [filza
3527 4744 3567 4806 3

694 4879 755 4941 p.
792 4853 960 4938 29b]
1011 4856 1081 4920 in
1128 4857 1398 4922 oonsilio
1448 4867 1706 4921 eentum
1752 4858 2041 4921 uirorum
2088 4859 2325 4924 bereits
2374 4869 2562 4922 unter
2609 4858 2755 4922 dem
2800 4860 2905 4922 21.
2941 4853 3356 4940 November).

914 4997 997 5060 In
1043 4999 1322 5083 quadam
1369 5010 1433 5063 et
1487 5023 1604 5084 pro
1654 5001 1930 5085 quadam
1992 5002 2352 5066 claudenda
2419 5001 2666 5087 pallatii
2735 5002 3026 5066 comunis
3080 5001 3426 5084 Florentie,
3497 5003 3566 5064 in

694 5136 819 5199 quo
868 5130 1155 5178 moratur
1200 5115 1498 5180 dominus
1545 5125 1850 5201 potestas,
1902 5139 1976 5181 ae
2025 5113 2221 5182 etiam
2276 5140 2392 5203 pro
2449 5117 2853 5202 reparatione
2911 5118 3114 5202 ipsius
3164 5117 3430 5202 pallatii.
3482 5151 3564 5160 —

690 5228 893 5294 libras
946 5231 1075 5294 100
1102 5229 1145 5294 f.
1180 5253 1241 5317 p.
