4009 5859
2100 424 2229 486 256

722 627 761 666 a
825 611 1004 665 tanta
1075 600 1430 682 solennita,
1506 621 1626 662 0011
1698 613 1927 684 questa
1973 602 2311 664 occasione
2362 623 2665 686 propose,
2738 600 2855 664 che
2902 600 3001 665 far
3049 602 3103 664 si
3154 600 3424 665 dovesse
3470 624 3602 665 una

723 717 939 801 leggia
983 717 1050 779 in
1100 716 1268 779 sulla
1311 716 1560 801 piazza,
1619 715 1965 800 magnifica
2012 739 2045 778 e
2095 717 2518 781 conveniente
2565 715 2628 780 al
2672 716 2967 801 bisogno,
3062 715 3189 779 Per
3236 725 3459 800 questo
3505 715 3599 780 fu-

723 856 881 896 rono
929 853 1116 918 prese
1166 831 1225 895 le
1274 853 1421 896 case
1469 830 1566 894 de'
1607 829 2035 916 Tigliamochi
2072 855 2106 896 e
2142 831 2236 895 de'
2271 831 2637 896 Baroncelli
2674 854 2709 895 e
2740 832 3041 916 gittatovi
3073 854 3149 895 su
3180 831 3393 916 quella
3420 831 3603 895 nobil

721 949 955 1033 loggia,
1007 947 1124 1011 che
1172 946 1366 1031 hoggi
1415 946 1730 1030 vediamo,
1780 969 1895 1033 per
1941 948 2248 1033 superbia
2294 970 2327 1011 e
2374 971 2490 1034 per
2536 949 3020 1032 magnificenza,
3067 946 3317 1012 benche
3360 946 3423 1010 di
3458 948 3601 1011 bar-

724 1065 884 1128 bara
931 1062 1366 1146 architettura,
1415 1085 1547 1124 non
1595 1061 1912 1126 dissimile
1961 1062 2159 1127 molto
2209 1060 2377 1126 dalle
2424 1062 2717 1127 Romane
2764 1085 2975 1149 opere.

948 1239 1016 1305 8.
1095 1235 1286 1303 Anno
1320 1245 1517 1318 1375,
1566 1239 1911 1304 indictione
1943 1245 2051 1323 13,
2102 1241 2204 1304 die
2249 1253 2419 1306 sexto
2467 1242 2703 1305 decimo
2735 1242 2907 1305 Maii
2934 1237 3182 1326 (Opera
3214 1241 3319 1305 del
3343 1241 3601 1306 Duomo

722 1358 872 1423 filza
916 1359 958 1422 4
1005 1380 1066 1442 p.
1117 1352 1302 1438 25a).

946 1490 1233 1555 Predicti
1279 1489 1556 1576 operarii
1603 1485 1845 1574 (operis
1894 1487 2165 1554 ecclesie
2214 1499 2435 1554 sancte
2482 1488 2833 1576 Reparate)
2881 1526 2967 1535 —
3016 1490 3350 1576 eligerunt,
3398 1492 3603 1556 nomi-

725 1617 1046 1673 nauerunt
1099 1616 1164 1671 et
1217 1606 1690 1692 deputauerunt
1733 1604 2071 1670 Andream
2114 1604 2345 1670 Jacobi
2394 1602 2665 1690 Collini,
2733 1607 3098 1692 operarium
3154 1606 3311 1671 dicti
3367 1607 3599 1694 operiS,

725 1749 946 1790 eorum
995 1723 1324 1806 collegam,
1376 1731 1440 1784 et
1467 1721 1803 1785 Andream
1831 1721 2127 1785 Niccolai
2159 1722 2360 1805 Nerii,
2411 1723 2813 1807 prouisorem
2853 1723 3009 1788 dicti
3057 1725 3289 1809 operis,
3342 1723 3423 1787 ad
3461 1747 3603 1809 pro-

726 1841 1102 1923 uidendum,
1154 1838 1671 1921 deliberandum,
1723 1837 2213 1920 declarandum,
2265 1837 2696 1903 ordinandum
2742 1849 2807 1902 et
2852 1840 3208 1905 taxandum
3255 1839 3603 1904 creditores

726 1957 880 2020 olim
926 1954 1232 2020 laborerii
1277 1955 1449 2018 lodie
1497 1955 1788 2018 comunis
1831 1954 1884 2018 F
1888 1955 2180 2038 lorentie,
2232 1955 2441 2040 posite
2490 1978 2683 2041 super
2726 1956 2942 2042 platea
2988 1957 3391 2021 dominorum
3436 1958 3603 2043 prio-

723 2097 886 2157 rum,
937 2081 1001 2138 et
1048 2071 1158 2157 qui
1203 2071 1488 2157 recipere
1537 2081 1601 2133 et
1645 2070 1884 2135 habere
1933 2071 2173 2135 debent
2219 2094 2257 2134 a
2304 2072 2559 2135 comuni
2600 2071 2653 2134 F
2656 2071 2927 2136 lorentie
2976 2095 3091 2136 seu
3136 2073 3291 2137 olim
3338 2074 3419 2137 ab
3469 2071 3603 2136 offi-

728 2188 989 2253 tialibus
1015 2187 1208 2252 'dicte
1254 2186 1425 2250 lodie
1471 2209 1586 2272 pro
1635 2209 1855 2250 eorum
1903 2186 2123 2251 labore
2172 2197 2236 2251 et
2282 2188 2517 2252 salario
2567 2198 2631 2252 et
2677 2189 3068 2274 magisterio,
3128 2188 3278 2253 dato
3327 2199 3390 2252 et
3433 2188 3603 2253 facto

726 2306 794 2370 in
843 2303 1014 2368 dicto
1063 2325 1272 2389 opere,
1324 2312 1388 2366 et
1430 2303 1620 2367 bonis
1669 2313 1732 2366 et
1775 2304 1970 2367 rebus
2020 2303 2549 2389 quibuscumque,
2601 2303 2769 2369 datis
2818 2312 2883 2370 et
2911 2305 3195 2369 uenditis
3227 2305 3382 2368 olim
3414 2303 3603 2368 dictis

727 2419 1122 2503 offitialibuS,
1173 2427 1236 2482 et
1281 2441 1395 2505 pro
1444 2418 1616 2482 dicto
1662 2419 1982 2484 laborerio
2034 2419 2202 2482 dicte
2246 2419 2416 2484 lodie
2451 2430 2515 2484 et
2546 2421 2902 2505 quantitate
2935 2430 2999 2484 et
3032 2444 3147 2507 pro
3179 2430 3417 2507 quanto
3448 2429 3605 2484 tem-

726 2559 880 2622 pore
949 2544 1014 2600 et
1064 2536 1271 2620 pretio
1327 2544 1391 2598 et
1449 2557 1524 2598 eo
1573 2534 1760 2598 modo
1810 2545 1874 2598 et
1919 2535 2154 2618 forma,
2229 2537 2465 2620 quibus
2513 2546 2576 2599 et
2621 2544 2812 2622 prout
2858 2547 2921 2600 et
2968 2537 3135 2600 sicut
3182 2536 3427 2601 eisdem
3472 2535 3605 2622 pla-

728 2653 933 2716 cuerit
979 2661 1043 2715 et
1089 2650 1431 2734 uidebitur,
1483 2659 1547 2713 et
1593 2650 1782 2737 quod,
1834 2651 2142 2737 quicquid
2187 2675 2303 2738 per
2350 2675 2459 2716 eos
2506 2653 2574 2716 in
2610 2653 2917 2738 predictis
2950 2653 3299 2738 prouisum,
3352 2652 3605 2716 ordina·

727 2778 866 2832 tum
912 2778 975 2832 et
1020 2767 1259 2832 factum
1303 2766 1512 2850 fuerit,
1564 2767 1777 2831 ualeat
1823 2776 1887 2831 et
1932 2777 2227 2833 teneatur
2274 2778 2337 2832 et
2382 2768 2715 2852 habeatur,
2766 2791 2841 2833 ac
2890 2777 2953 2831 et
3000 2769 3054 2832 si
3096 2769 3336 2832 factum
3370 2778 3434 2832 et
3462 2791 3605 2854 pro-

727 2885 943 2948 uisum
1010 2891 1182 2948 esset
1246 2906 1362 2969 per
1431 2906 1652 2948 omnes
1719 2884 2046 2969 operarios
2105 2882 2259 2947 dicti
2322 2885 2563 2970 operis;
2636 2895 2699 2948 et
2756 2885 2925 2970 quod
2976 2883 3294 2970 Georgius
3342 2881 3603 2968 Collini,

728 3001 1118 3065 camerarius
1166 2999 1323 3063 dicti
1370 2999 1602 3085 operiS,
1657 3000 1734 3063 de
1781 3000 2075 3085 pecunia,
2112 2998 2194 3063 ad
2228 3000 2364 3065 eius
2399 3023 2627 3065 manus
2660 3011 2972 3085 peruenta
3004 3023 3117 3065 seu
3146 3000 3603 3085 peruenienda,

727 3117 1066 3182 occasione
1115 3115 1572 3184 camerariatus
1622 3115 1808 3180 offitii
1859 3115 2026 3180 dicte
2074 3115 2245 3181 lodie
2292 3125 2543 3180 tantum
2576 3127 2639 3180 et
2670 3140 2801 3181 non
2836 3116 2991 3181 dicti
3025 3117 3235 3202 operis
3269 3115 3359 3200 (d.
3392 3116 3455 3182 h.
3492 3115 3605 3180 des

727 3230 1002 3317 Domes)
1047 3233 1178 3297 illis
1225 3231 1600 3297 hominibus
1657 3241 1721 3294 et
1765 3233 2088 3317 personiS,
2148 3233 2257 3318 qui
2313 3234 2409 3297 sic
2465 3232 2773 3297 declarati
2828 3231 3069 3296 fuerint
3120 3255 3236 3318 per
3281 3231 3605 3319 predictos

728 3348 1076 3414 creditores
1135 3355 1200 3412 et
1253 3347 1487 3411 debere
1543 3347 1828 3432 recipere
1889 3357 1952 3411 et
1997 3347 2263 3432 habere,
2321 3349 2556 3434 possit,
2615 3358 2909 3413 teneatur
2955 3358 3019 3412 et
3065 3347 3299 3413 debeat
3346 3347 3497 3412 dare
3545 3358 3609 3413 et

729 3465 978 3530 soluere
1027 3475 1090 3528 et
1136 3463 1244 3527 det
1289 3472 1353 3526 et
1399 3463 1610 3527 soluat
1655 3462 1802 3528 illas
1851 3465 2244 3548 quantitates
2292 3465 2561 3550 pecunie
2611 3473 2675 3528 et
2720 3465 3109 3529 florenorum
3156 3465 3314 3547 auri,
3364 3464 3433 3528 in
3471 3464 3607 3549 qui-

727 3582 849 3646 bus
898 3591 962 3643 et
1007 3590 1196 3665 prout
1245 3587 1310 3642 et
1355 3578 1525 3642 sicut
1571 3577 1966 3644 declaratum
2010 3579 2221 3663 fuerit,
2276 3590 2343 3644 ut
2389 3603 2585 3666 supra
2630 3579 2873 3645 dictum
2921 3590 3036 3664 est,
3089 3590 3152 3644 et
3196 3581 3265 3644 in
3310 3581 3457 3666 ipsa
3500 3579 3605 3644 de-

729 3697 1079 3762 claratione
1140 3695 1534 3760 declaratum
1587 3695 1780 3761 fuerit
1828 3706 1892 3760 et
1939 3696 2205 3761 cuilibet
2250 3720 2467 3762 eorum
2516 3707 2579 3762 et
2625 3696 2981 3782 quamlibet
3027 3719 3247 3760 00111111
3289 3696 3607 3782 quantita-

728 3825 876 3897 tem,
928 3821 999 3876 ut
1045 3833 1240 3897 supra
1286 3808 1529 3874 dictum
1578 3820 1695 3875 est.

952 3988 1022 4054 9.
1116 3990 1307 4055 Anno
1357 3995 1554 4073 1376,
1602 3989 1705 4052 die
1748 3989 2009 4054 XVIII
2032 3991 2312 4076 Anqusti
2353 3990 2601 4076 (Opera
2646 3991 2749 4055 del
2790 3989 3047 4055 Duomo
3093 3991 3245 4055 filza
3276 3993 3317 4056 6
3363 4015 3425 4077 p.
3462 3987 3605 4074 ssb).

952 4124 1119 4188 Item
1167 4160 1248 4169 —
1299 4123 1720 4209 prouiderunt
1765 4119 2118 4208 (operarii),
2172 4157 2255 4169 —-
2304 4124 2477 4210 quod
2521 4125 2904 4210 procedatur
2948 4124 3029 4190 ad
3064 4127 3609 4191 constructionem

731 4252 796 4305 et
839 4241 1300 4327 perfectionem
1344 4240 1575 4324 loggie,
1627 4241 1965 4303 existentis
2015 4263 2209 4325 super
2253 4239 2467 4325 platea
2512 4264 2621 4305 seu
2674 4242 2844 4306 iusta
2888 4241 3171 4326 plateam
3204 4241 3610 4306 dominorum

731 4359 1016 4444 priorum
1073 4357 1303 4420 artium
1354 4365 1417 4419 et
1462 4355 1808 4420 uexilliferi
1854 4357 2099 4421 iustitie
2146 4357 2427 4421 ciuitatis
2474 4356 2826 4442 Florentie,
2894 4357 2963 4421 in
3014 4367 3077 4422 et
3122 4381 3237 4444 pro
3286 4381 3415 4443 qua
3461 4380 3609 4421 eon·

731 4473 1084 4538 structione
1131 4471 1535 4557 expendatur
1580 4470 1695 4534 illa
1740 4471 2067 4556 quantitas
2114 4473 2403 4558 pecunie,
2455 4495 2578 4556 que
2627 4473 2933 4558 deputata
2978 4483 3078 4538 est
3125 4473 3208 4537 ad
3237 4472 3608 4538 huiusmodi

731 4589 1274 4654 constructionem
1319 4588 1531 4672 loggie
1580 4596 1644 4650 et
1687 4609 1818 4650 non
1867 4587 2052 4672 plura
2096 4610 2216 4652 nec
2266 4587 2449 4652 ultra.

955 4757 1067 4822 10.
1162 4759 1352 4823 Anno
1423 4763 1631 4838 1376,
1704 4758 2049 4823 indictione
2119 4766 2235 4840 15,
2307 4761 2410 4824 die
2466 4767 2551 4823 25
2607 4763 2836 4824 mensis
2897 4759 3280 4846 Septembris
3327 4757 3605 4842 (Provis.

730 4876 882 4939 filza
927 4877 1012 4940 65
1060 4897 1120 4961 p.
1166 4875 1360 4938 1410.
1457 4872 1642 4960 Gaye
1689 4874 1723 4938 I
1770 4898 1831 4960 p.
1881 4871 2059 4957 527).

953 5008 1294 5073 Informati
1344 5008 1589 5073 domini
1636 5009 1885 5094 priores
1935 5008 2171 5073 artium
2218 5020 2282 5073 et
2327 5009 2648 5073 uexillifer
2690 5009 2933 5074 iustitie
2965 5009 3184 5094 populi
3220 5019 3284 5072 et
3316 5009 3608 5074 comunis

731 5123 785 5189 F
787 5126 1057 5190 lorentie
1106 5125 1184 5188 de
1234 5124 1436 5188 multa
1481 5125 1774 5211 pecunia,
1826 5145 1948 5210 que
1997 5148 2139 5190 esse
2190 5125 2425 5189 dicitur
2455 5149 2655 5211 penes
2688 5125 2985 5190 offitiales
3019 5148 3133 5190 seu
3165 5125 3605 5208 camerarium,

733 5240 1106 5328 deputatum
1168 5241 1250 5305 ad
1304 5263 1566 5326 operam
1627 5263 1740 5306 8011
1794 5241 2109 5306 fabricam
2164 5241 2437 5306 ecclesie
2486 5251 2707 5305 sancte
2754 5242 3073 5327 Reparate
3130 5241 3209 5304 de
3255 5240 3605 5325 Florentia,
