4009 5859
2093 378 2221 452 184

710 553 1029 619 uexillifer
1075 553 1485 639 prouideant,
1537 553 1899 619 deliberent
1946 567 2010 618 et
2056 556 2426 642 prouidere,
2490 556 2845 622 deliberare
2894 569 2958 622 et
3005 558 3294 624 stabilire
3341 559 3594 646 possint

708 682 772 735 et
820 671 1096 736 debeant
1146 669 1389 752 domos,
1437 668 1758 733 hediffitia
1804 679 1868 733 et
1912 679 2171 734 terrena
2217 681 2282 734 et
2328 670 2407 735 de
2441 671 2757 757 domibus,
2807 673 3141 739 hediffitiis
3189 685 3252 738 et
3297 676 3589 759 terreniS,

710 809 831 873 que
879 784 1125 850 eisdem
1156 784 1549 849 uidebuntur
1594 785 1897 872 expedire
1944 809 2060 850 seu
2107 786 2294 851 utilia
2337 787 2472 852 fore
2504 811 2620 874 pro
2652 789 2941 875 ipsorum
2974 799 3038 854 et
3082 790 3591 874 familiariorum,

708 904 1149 968 beroariorum
1197 913 1261 965 et
1307 901 1701 987 sergentium
1748 923 2009 965 suorum
2057 925 2236 967 mora
2281 912 2346 966 et
2391 903 2789 969 habitatione
2838 905 3065 990 habili,
3119 927 3192 970 ac
3241 907 3437 971 etiam
3481 928 3596 991 pro

710 1042 932 1084 eorum
972 1017 1172 1082 offitio
1222 1029 1286 1080 et
1324 1016 1472 1099 hiis,
1524 1039 1646 1101 que
1688 1027 1984 1103 spect-ant
2017 1017 2099 1082 ad
2129 1020 2346 1104 ipsum
2376 1019 2668 1102 offitium,
2704 1021 3001 1106 gerendis
3035 1031 3098 1086 et
3130 1021 3596 1087 honorabiliter

709 1133 1046 1200 faciendis.
1140 1130 1285 1212 Que
1332 1131 1594 1217 quidem
1639 1140 1910 1216 terrena,
1962 1133 2280 1198 hediffitia
2311 1144 2375 1197 et
2407 1133 2634 1199 domus
2665 1157 2782 1220 per
2811 1137 2988 1222 ipsos
3023 1137 3318 1202 dominos
3349 1137 3596 1222 priores

713 1261 777 1317 et
824 1248 1280 1331 uexilliferum,
1331 1247 1437 1311 uel
1483 1271 1597 1334 per
1641 1247 1817 1331 illos,
1880 1270 2042 1333 quos
2092 1257 2155 1312 et
2201 1258 2357 1334 quot
2401 1250 2528 1336 ipsi
2577 1249 2822 1315 domini
2868 1252 3114 1337 priores
3163 1261 3228 1316 et
3273 1251 3597 1316 ueinifer

712 1367 796 1432 ad
841 1366 964 1431 hoc
994 1388 1235 1452 ponere
1282 1374 1345 1429 et
1376 1363 1684 1451 deputare
1719 1364 2060 1448 noluerint,
2113 1365 2508 1430 extimentur
2539 1374 2604 1430 et
2635 1366 2936 1430 extimari
2971 1367 3250 1432 debeant
3295 1391 3369 1432 eo
3403 1367 3594 1432 modo

714 1494 779 1547 et
822 1483 1033 1547 forma
1084 1491 1148 1545 et
1207 1482 1273 1544 in
1329 1480 1689 1566 quantitate
1738 1489 1801 1544 et
1848 1461 2347 1564 quantitatibus,
2400 1482 2632 1566 quibus
2666 1492 2745 1572 ,et
2791 1493 2978 1568 prout
3024 1493 3089 1547 et
3135 1484 3302 1548 sicut
3349 1483 3595 1548 eisdem

714 1598 1027 1686 placuerit
1074 1608 1138 1662 et
1182 1597 1511 1661 uidebitur
1557 1597 1919 1662 conuenire.
2015 1596 2102 1662 Et
2145 1607 2294 1683 post
2339 1598 2602 1663 modum
2646 1621 2762 1684 per
2808 1621 3078 1663 comune
3108 1598 3162 1663 F
3166 1599 3437 1664 lorentie
3484 1621 3600 1663 seu

714 1739 830 1802 per
874 1714 1078 1800 ipsius
1126 1713 1416 1778 comunis
1465 1711 1811 1797 sindicum,
1863 1711 1945 1776 ad
1991 1712 2114 1777 hoc
2162 1735 2308 1778 cum
2352 1713 2543 1799 pleno
2592 1723 2656 1778 et
2702 1714 3049 1779 sufficienti
3097 1714 3401 1779 mandato
3450 1735 3596 1778 con-

716 1830 1111 1897 stituendum
1157 1840 1221 1894 et
1264 1828 1713 1911 ordinandum,
1763 1828 2053 1894 eiusdem
2100 1831 2392 1896 comunis
2440 1830 2702 1895 nomine
2749 1840 2814 1895 et
2853 1831 3014 1914 uice,
3065 1831 3202 1896 iure
3235 1831 3492 1917 proprio
3534 1838 3598 1892 et

716 1948 1186 2034 imperpetuum
1232 1955 1524 2010 emantur
1568 1955 1633 2008 et
1678 1944 2092 2029 acquirantur
2138 1956 2203 2009 et
2249 1947 2374 2010 emi
2423 1959 2486 2010 et
2532 1947 2779 2032 acquiri
2812 1946 3091 2011 debeant
3135 1969 3252 2032 pro
3285 1947 3491 2032 pretio
3533 1957 3597 2010 et

716 2064 941 2150 pretiis
975 2074 1039 2127 et
1070 2062 1557 2148 quantitatibus,
1609 2084 1735 2145 quo
1770 2060 1874 2124 uel
1905 2061 2140 2146 quibus
2188 2062 2316 2148 ipsi
2364 2061 2608 2127 domini
2653 2063 2900 2148 priores
2949 2071 3014 2128 et
3059 2061 3397 2146 uexillifer,
3449 2085 3596 2127 con-

720 2179 1019 2244 sideratis
1068 2177 1618 2259 extimationibuS,
1668 2176 1747 2240 de
1795 2177 1955 2263 ipsis
2006 2177 2336 2260 domibus,
2388 2177 2722 2242 hediffitiis
2772 2189 2836 2243 et
2881 2178 3185 2262 terrenis,
3237 2187 3308 2242 ut
3352 2177 3596 2242 dictum

720 2305 836 2379 est,
885 2295 1073 2359 factis
1123 2318 1237 2359 seu
1281 2293 1542 2376 fiendis,
1594 2292 1899 2357 duxerint
1952 2293 2422 2378 prouidendum
2485 2303 2548 2357 et
2603 2294 3111 2377 deliberandum,
3174 2303 3240 2358 et
3289 2303 3480 2379 prout
3535 2303 3598 2356 et

721 2411 1074 2476 secundum
1121 2409 1291 2495 quod
1337 2409 1619 2472 uiderint
1674 2409 2020 2472 conuenire
2077 2420 2140 2472 et
2195 2409 2276 2473 ad
2333 2409 2678 2474 utilitatem
2734 2411 2890 2475 dicti
2940 2411 3229 2475 comunis
3277 2410 3598 2496 pertinere

723 2526 1204 2613 quomodolibet
1234 2534 1298 2590 et
1330 2536 1639 2612 spectare,
1692 2525 1793 2588 uel
1828 2524 2058 2590 saltem
2088 2547 2205 2612 pro
2237 2527 2379 2613 ipso
2411 2528 2669 2591 comuni
2701 2541 2768 2592 et
2788 2550 2903 2613 per
2925 2526 3130 2613 ipsius
3157 2526 3446 2590 comunis
3472 2526 3599 2589 sin-

724 2642 956 2725 dicum,
1007 2641 1296 2706 eiusdem
1326 2641 1616 2705 comunis
1648 2641 1907 2705 nomine
1940 2652 2005 2706 et
2035 2642 2176 2706 uice
2219 2642 2300 2706 ad
2332 2643 2708 2728 pensionem
2743 2643 3184 2708 conducantur
3231 2650 3296 2708 et
3328 2641 3599 2706 conduci

722 2757 977 2844 possint
1034 2768 1097 2822 et
1146 2757 1425 2822 debeant
1476 2757 1545 2821 in
1600 2756 1711 2832 illo
1769 2768 1833 2820 et
1888 2780 2002 2843 pro
2050 2757 2162 2821 illo
2212 2768 2496 2844 tempore
2558 2769 2621 2822 et
2667 2781 2781 2844 pro
2829 2758 2944 2822 illa
2988 2759 3298 2844 pensione
3345 2768 3409 2822 et
3457 2780 3602 2822 cum

723 2874 854 2938 illis
903 2872 1492 2955 condictitionibuS,
1541 2872 1784 2955 modis,
1834 2873 2166 2938 tenoribus
2215 2884 2278 2937 et
2323 2875 2557 2959 pactiS,
2609 2875 2843 2960 quibus
2888 2874 3016 2962 ipsi
3063 2874 3308 2939 domini
3355 2875 3599 2960 priores

725 3001 789 3055 et
842 2989 1166 3054 uexillifer
1221 2988 1523 3053 duxerint
1576 2988 2066 3074 prouidendum,
2125 2997 2191 3053 et
2234 3003 2426 3074 prout
2472 3000 2536 3054 et
2594 2992 2950 3056 secundum
2998 2989 3168 3076 quod
3227 2989 3306 3054 de
3376 3012 3598 3054 eorum

724 3106 1115 3192 processerit
1168 3104 1519 3169 uoluntate.
1620 3103 1727 3168 Illi
1800 3114 2044 3188 autem,
2119 3127 2402 3190 quorum.
2447 3115 2598 3170 sunt
2663 3105 2770 3170 uel
2828 3114 3047 3170 essent
3112 3106 3258 3192 ipsa
3324 3115 3598 3188 terrena,

728 3221 1045 3288 hediffitia
1102 3231 1165 3286 et
1223 3220 1479 3304 domus,
1552 3243 1668 3306 per
1726 3243 1995 3284 comune
2043 3220 2097 3285 F
2101 3221 2371 3285 lorentie
2432 3231 2498 3285 et
2541 3221 2745 3307 ipsius
2795 3223 3086 3286 comunis
3133 3223 3473 3308 regimina,
3545 3221 3605 3286 si

726 3337 1103 3426 expedierit,
1154 3337 1414 3402 realiter
1460 3347 1523 3400 et
1554 3335 1980 3422 personaliter
2013 3346 2322 3422 cogantur
2355 3359 2502 3401 cum
2532 3337 2764 3402 effectu
2795 3338 2880 3402 ad
2910 3338 3404 3422 uendictionem,
3456 3362 3602 3403 con-

728 3455 1091 3521 cessionem
1122 3477 1233 3518 seu
1269 3453 1656 3518 locationem
1704 3451 1782 3516 de
1818 3453 2144 3538 predictiS,
2195 3463 2264 3517 ut
2297 3476 2492 3538 supra
2525 3453 2776 3536 dicitur,
2825 3476 2940 3539 pro
2974 3453 3178 3539 pretio
3213 3477 3326 3518 seu
3357 3455 3601 3540 pretiis,

728 3570 1199 3657 quantitatibus
1248 3592 1361 3634 seu
1406 3569 1849 3655 pensionibus,
1900 3592 2015 3655 per
2059 3570 2236 3654 ipsos
2283 3569 2530 3655 priores
2579 3579 2644 3633 et
2689 3569 3120 3634 uexilliferum
3166 3570 3602 3656 prouidendiS,

729 3685 1165 3752 deliberandis
1214 3695 1277 3749 et
1322 3685 1848 3769 determinandiS,
1898 3684 2263 3749 faciendam
2293 3685 2477 3750 iuxta
2505 3685 2944 3770 prouisionem
2985 3696 3048 3750 et
3079 3685 3610 3751 deliberationem

728 3803 1016 3890 ipsorum
1064 3801 1471 3866 dominorum
1516 3801 1804 3887 priorum
1852 3811 1915 3865 et
1962 3799 2306 3865 uexilliferi
2355 3823 2502 3865 cum
2545 3800 2779 3888 pactis,
2829 3802 3398 3889 promissionibuS,
3450 3801 3610 3866 obli-

730 3919 1117 4005 gationibus,
1168 3903 1477 4003 penarum
1525 3917 1992 4003 apositionibus
2050 3927 2114 3980 et
2161 3917 2395 3981 iurium
2444 3917 3025 3982 renuntiationibus
3073 3927 3138 3981 et
3185 3916 3612 4002 solempnium

731 4036 1303 4101 instrumentorum
1361 4030 1737 4116 uallatione,
1811 4033 1979 4096 sicut
2026 4032 2377 4118 expediens
2424 4033 2646 4116 fuerit,
2719 4043 2782 4098 et
2828 4034 3012 4098 iuxta
3057 4030 3606 4113 consuetudinem,

738 4175 860 4238 que
920 4154 990 4216 in
1048 4152 1309 4217 ciuitate
1364 4149 1693 4215 Florentie
1748 4149 1815 4212 in
1884 4148 2207 4214 similibus
2279 4149 2679 4214 obseruatur.
2777 4148 2866 4213 Et
2921 4149 3186 4234 insuper
3239 4145 3609 4211 huiusmodi

734 4277 1004 4351 terrena,
1054 4265 1375 4331 hediffitia
1420 4274 1485 4330 et
1517 4265 1761 4349 domus,
1812 4288 1955 4350 que,
2006 4275 2077 4329 ut
2109 4288 2304 4351 supra
2334 4265 2577 4330 dictum
2608 4275 2724 4348 est,
2776 4266 2903 4330 emi
2943 4288 3059 4330 seu
3106 4263 3188 4328 ad
3233 4262 3613 4350 pensionem

734 4383 1006 4448 conduci
1052 4405 1167 4469 pro
1198 4384 1342 4470 ipso
1390 4382 1645 4446 comuni
1679 4382 2020 4466 contigerit
2066 4382 2405 4448 occasione
2435 4381 2742 4467 predicta,
2793 4381 3046 4466 possint
3089 4389 3156 4444 et
3188 4378 3466 4444 debeant
3493 4400 3611 4463 pro

732 4499 1038 4565 iamdicto
1087 4500 1342 4563 comuni
1404 4508 1468 4563 et
1513 4498 1717 4583 ipsius
1773 4499 2064 4563 comunis
2124 4498 2427 4584 expensis
2483 4498 2764 4584 reaptari
2819 4509 2883 4562 et
2927 4497 3212 4583 reparari
3259 4505 3324 4560 et
3370 4494 3611 4559 destrui

737 4630 800 4683 et
848 4619 925 4683 de
972 4642 1142 4683 nouo
1190 4616 1393 4681 reffici
1440 4626 1506 4680 et
1560 4615 1846 4681 construi
1902 4625 1967 4680 et
2022 4614 2382 4679 hedifficari
2438 4613 2520 4678 ad
2576 4613 2973 4679 uoluntatem
3030 4621 3093 4676 et
3138 4611 3616 4696 beneplacitum

738 4735 1144 4800 dominorum
1212 4733 1499 4819 priorum
1564 4733 1797 4797 artium
1868 4742 1932 4796 et
1996 4730 2338 4796 uexilliferi
2409 4730 2682 4812 iustitie,
2755 4737 2890 4793 tam
2956 4727 3352 4815 presentium
3423 4748 3615 4810 quam

734 4851 1110 4934 futurorum,
1160 4872 1276 4935 pro
1324 4850 1611 4935 ipsorum
1658 4849 2064 4913 dominorum
2109 4847 2395 4933 priorum
2441 4856 2506 4910 et
2551 4843 2897 4910 uexilliferi
2945 4853 3011 4908 et
3039 4866 3299 4908 suorum
3342 4840 3615 4906 familia-

738 4969 996 5050 riorum,
1047 4967 1519 5031 berroariorum
1566 4977 1629 5029 et
1677 4965 2071 5049 sergentium
2105 4961 2560 5028 commoditate
2593 4972 2657 5026 et
2702 4960 2906 5025 habili
2953 4959 3286 5024 mansione
3335 4968 3399 5022 et
3437 4980 3619 5022 mora

739 5094 803 5148 et
849 5107 963 5170 pro
1012 5107 1230 5149 eorum
1280 5083 1511 5166 offitio,
1585 5081 1829 5145 ibidem
1886 5079 2352 5150 honorabiliter
2409 5077 2726 5142 faciendo.
2821 5075 2905 5139 Et
2963 5074 3136 5161 quod
3181 5075 3458 5161 pretium
3503 5096 3618 5138 seu

738 5201 948 5288 pretia
994 5239 1076 5247 -
1124 5201 1412 5286 ipsorum
1442 5209 1859 5281 terrenorum,
1910 5196 2372 5262 hediffitiorum
2419 5203 2482 5258 et
2529 5193 2882 5276 domorum,
2931 5214 3006 5256 ac
3054 5191 3250 5256 etiam
3281 5211 3503 5255 omnes
3556 5200 3620 5254 et
