4009 5859
1922 502 1943 508 -
2066 415 2196 477 278

918 589 1271 654 Laurentio
1316 589 1558 676 Filippi
1615 589 1904 675 predicto
1959 612 2076 676 pro
2124 591 2263 655 eius
2310 591 2545 656 salario
2593 592 2787 655 trium
2834 592 3184 675 mensium,
3244 591 3575 656 finitorum

701 704 805 770 die
853 706 1079 771 ultimo
1127 707 1312 771 Junii
1362 707 1552 790 1385,
1605 705 1688 770 ad
1735 707 2053 771 rationem
2098 707 2487 773 florenorum
2534 717 2677 772 octo
2724 729 2838 794 pro
2887 707 3177 793 quolibet
3223 731 3443 774 mense
3492 749 3575 757 -

697 822 976 888 florenos
1025 823 1112 888 24
1161 824 1319 888 auri.

921 941 1165 1004 Eodem
1211 942 1314 1004 ᾱία
1360 936 1444 1023 (a.
1479 963 1537 1004 a.
1573 935 1652 1003 Ο.
1703 962 1763 1025 p.
1800 935 1988 1022 28b).

925 1053 1220 1142 Operarii
1298 1089 1385 1098 —
1462 1055 1984 1121 deliberauerunt
2062 1095 2143 1104 —
2224 1067 2287 1120 et
2362 1055 2921 1121 reaffirmauerunt
2996 1077 3112 1142 pro
3188 1078 3316 1121 uno
3385 1078 3575 1138 anne,

699 1171 1069 1257 incipiendo
1138 1172 1207 1236 in
1275 1172 1572 1237 kalendis
1631 1172 1675 1236 J
1683 1171 1822 1254 ulii,
1893 1172 2187 1258 proxime
2254 1171 2480 1255 futuri,
2554 1195 2701 1237 cum
2770 1171 3005 1237 salario
3076 1181 3141 1236 et
3208 1172 3579 1257 prouisione

699 1296 842 1354 octo
912 1289 1302 1354 florenorum
1369 1289 1510 1353 auri
1577 1310 1693 1375 pro
1765 1288 2056 1375 quolibet
2123 1311 2343 1356 mense
2414 1288 2838 1356 Laurentium
2870 1265 2873 1268 ⁴
2904 1289 3099 1376 Lippi
3147 1283 3317 1374 (sic),
3391 1311 3577 1376 capo-

698 1404 1100 1490 magistrum.

921 1588 1034 1657 85.
1106 1594 1236 1658 Die
1279 1592 1416 1659 XX
1435 1593 1605 1660 VIII
1637 1593 1916 1678 Anqueti
1959 1587 2045 1676 (a.
2080 1613 2136 1656 a.
2173 1590 2251 1658 Ο.
2301 1614 2362 1678 p.
2402 1587 2583 1676 3722).

921 1724 1270 1792 Laurentio
1318 1726 1587 1813 Filippi,
1660 1726 2160 1812 capomagistro,
2231 1750 2348 1814 pro
2419 1728 2557 1793 eius
2627 1727 2861 1793 salario
2927 1727 3200 1794 duorum
3257 1727 3577 1795 mensium

701 1835 893 1924 (Julii
941 1853 1005 1906 et
1049 1839 1361 1928 Augusti)
1411 1875 1492 1887 —-
1541 1843 1821 1908 florenos
1867 1842 2033 1909 XVI
2078 1843 2238 1908 auri.

928 2036 1047 2102 86.
1120 2041 1250 2105 Βία
1309 2039 1447 2104 VII
1483 2039 1864 2104 Nouembris
1915 2036 2000 2123 (a.
2036 2062 2093 2104 a.
2129 2036 2208 2104 Ο.
2258 2063 2319 2126 p.
2355 2035 2537 2123 4621).

923 2172 1004 2236 In
1074 2172 1184 2237 der
1251 2172 1468 2259 Opera
1537 2172 1686 2238 sind
1755 2174 1841 2237 54
1889 2173 2186 2257 magistri
2256 2173 2627 2259 scharpelli‚
2705 2176 2739 2239 7
2790 2175 3083 2260 magistri
3152 2174 3331 2239 conci
3403 2168 3575 2256 (sic),

701 2289 743 2352 9
776 2287 1071 2371 magistri
1117 2288 1395 2372 cacuole,
1447 2291 1486 2354 2
1519 2288 1686 2354 fabri
1736 2288 1865 2354 und
1912 2291 1998 2354 48
2032 2290 2405 2355 manouales
2453 2289 2678 2375 thatig.

926 2480 1033 2547 87.
1104 2485 1235 2550 Βία
1279 2485 1495 2553 XVII
1529 2485 1912 2550 Nouembris
1957 2482 2044 2569 (a.
2078 2508 2135 2550 a.
2171 2484 2252 2551 Ο.
2302 2507 2361 2571 p.
2398 2481 2581 2568 4922).

922 2615 1273 2682 Laurentio
1321 2618 1590 2706 Filippi,
1642 2621 1950 2706 magistro
1998 2616 2178 2706 (sic),
2250 2643 2365 2706 pro
2414 2620 2649 2685 salario
2696 2620 3017 2685 mensium
3065 2615 3467 2705 Septembris
3512 2627 3579 2682 et

703 2730 1009 2798 Octubris
1056 2734 1334 2800 florenos
1385 2737 1468 2801 16
1513 2737 1673 2802 auri.

926 2929 1040 2997 88.
1112 2933 1242 2998 Die
1287 2933 1355 2998 X
1375 2935 1437 3001 V
1473 2936 1828 3000 Decembris
1875 2932 1959 3020 (a.
1995 2961 2051 3001 a.
2086 2935 2165 3002 Ο.
2216 2958 2277 3021 p.
2311 2935 2396 3000 56
2410 2930 2493 3017 a).

926 3065 1318 3134 Conuocatis
1389 3078 1454 3133 et
1526 3069 1947 3135 choadunatis
2019 3070 2393 3136 consulibus
2463 3070 2621 3134 artis
2697 3069 2845 3133 lane
2902 3091 3029 3133 una
3076 3091 3221 3134 cum
3268 3069 3577 3156 operariis

701 3205 894 3270 opere
943 3192 1162 3248 sancte
1208 3183 1529 3271 Reparate
1584 3215 1673 3230 —·
1711 3210 1825 3272 pro
1872 3187 2060 3251 factis
2110 3209 2301 3272 opere
2348 3195 2570 3251 sancte
2617 3184 2940 3271 Reparate
3001 3183 3270 3269 agendis
3326 3193 3391 3249 et
3436 3207 3575 3270 per-

701 3299 1074 3382 tractandis,
1126 3301 1359 3386 quibus
1408 3310 1473 3366 et
1517 3302 1684 3367 inter
1730 3326 1891 3388 quos
1937 3304 2338 3388 propositum
2384 3302 2506 3367 fuit
2549 3325 2664 3386 per
2711 3325 2815 3367 ser
2855 3300 3179 3366 Jacobum
3209 3301 3571 3385 Ambrogii,

701 3417 1025 3482 notarium
1093 3417 1250 3481 artis
1319 3418 1492 3501 lane,
1568 3418 1724 3504 quid
1782 3421 1873 3484 eis
1926 3418 2181 3483 uidetur
2228 3429 2291 3482 et
2336 3419 2549 3504 placet
2595 3417 2932 3502 prouidere
2982 3425 3047 3480 et
3092 3416 3448 3480 deliberare
3496 3414 3577 3480 de

699 3532 1128 3619 infrascriptis
1177 3534 1504 3599 uidelicet:
1571 3534 1788 3599 Primo
1839 3557 1985 3600 cum
2034 3535 2195 3600 alias
2244 3535 2411 3598 inter
2459 3557 2568 3598 eos
2613 3532 3005 3597 Laurentius
3052 3532 3339 3618 Filipp0,
3391 3555 3577 3618 capo-

665 3639 1009 3734 'magister
1077 3649 1234 3714 dicti
1291 3651 1533 3735 operiS,
1608 3650 1960 3735 perdiderit
2015 3652 2118 3716 bis
2175 3651 2484 3736 partitum
2533 3649 2613 3713 de
2658 3647 3155 3714 reconductione
3204 3671 3347 3732 sua,
3421 3645 3575 3732 quid

639 3839 648 3848 ι
703 3764 904 3828 uelint
952 3763 1030 3830 de
1076 3763 1383 3851 predictis
1434 3765 1769 3851 prouidere
1818 3776 1938 3831 cet.

923 3879 1102 3944 Inter
1147 3903 1306 3965 quos
1355 3904 1598 3964 omneS,
1647 3881 1816 3946 facto
1867 3923 1948 3931 —
1999 3882 2319 3968 solempni
2366 3915 2451 3925 -—
2502 3890 2565 3945 et
2612 3889 2858 3946 secreto
2907 3880 3288 3965 scruptinio,
3348 3919 3431 3928 -—
3479 3901 3575 3942 re-

702 3994 1148 4060 conduxerunt
1194 4006 1258 4061 et
1302 3996 1878 4063 readfirmauerunt
1927 3998 2171 4062 dictum
2215 3997 2638 4062 Laurentium
2683 3996 2951 4082 Filippi,
3012 3997 3571 4080 capomagistrum,

702 4133 848 4175 cum
903 4111 1138 4176 salario
1193 4125 1336 4178 octo
1383 4114 1772 4179 florenorum
1819 4137 1935 4200 pro
1983 4114 2272 4200 quolibet
2318 4136 2540 4178 mense
2587 4123 2651 4176 et
2698 4135 2811 4198 pro
2859 4121 3144 4197 tempore
3192 4121 3257 4176 et
3302 4111 3575 4176 termino

701 4238 1006 4291 consueto
1055 4236 1119 4291 et
1161 4251 1277 4313 pro
1323 4228 1436 4292 illo
1483 4241 1789 4315 tempore,
1841 4253 1954 4316 pro
2005 4253 2129 4316 quo
2178 4230 2339 4294 alios
2388 4229 2733 4313 magistros
2782 4227 2861 4292 de
2908 4251 3131 4292 mense
3163 4227 3571 4308 Nouembris,

699 4343 990 4428 proxime
1037 4344 1346 4428 preteriti,
1396 4344 1933 4410 reconduxerunt.

923 4537 1041 4604 89.
1112 4540 1242 4604 Βία
1294 4543 1596 4627 uiqesimo
1647 4545 1826 4607 tertio
1874 4542 2219 4607 Februarii
2263 4536 2592 4623 1385(86)
2650 4535 2736 4623 (a.
2772 4563 2828 4604 a.
2866 4537 2944 4604 Ο.
2978 4540 3127 4604 filza
3158 4539 3243 4602 22
3292 4562 3353 4625 p.
3394 4531 3572 4620 1222).

923 4673 1274 4739 Laurentio
1322 4674 1583 4760 Filippi,
1635 4674 1841 4762 capud
1889 4676 2219 4760 magistm,
2292 4699 2406 4760 pro
2466 4697 2581 4740 suo
2630 4674 2865 4738 salario
2914 4672 3187 4738 duorum
3232 4671 3571 4753 mensium,

701 4789 1004 4854 uidelicet
1048 4789 1343 4855 Januarii
1391 4799 1456 4854 et
1500 4791 1834 4856 Februarii
1888 4787 2239 4875 1385(86),
2292 4823 2376 4834 --
2423 4791 2701 4855 florenos
2753 4791 2835 4854 16
2883 4790 3041 4853 auri.

924 4985 1047 5051 90.
1120 4987 1250 5051 Βία
1295 4986 1592 5052 XVIIII
1625 4987 1879 5072 Aprilis
1924 4981 2009 5070 (a.
2046 5009 2101 5050 a.
2139 4983 2217 5050 Ο.
2266 5008 2327 5071 p.
2366 4981 2552 5068 20b).

923 5118 1274 5184 Laurentio
1319 5119 1591 5205 Filippi,
1666 5118 2214 5205 capudma-gistro,
2288 5141 2403 5204 pro
2462 5141 2577 5183 suo
2638 5118 2872 5183 salario
2919 5119 3192 5183 duorum
3236 5117 3573 5199 mensium,

706 5237 1010 5308 uidelicet
1053 5235 1274 5305 Martii
1325 5245 1388 5300 et
1432 5234 1701 5320 Aprilis,
1755 5275 1838 5284 -
1884 5236 2165 5301 florenos
2216 5237 2298 5300 16
2346 5235 2504 5299 auri.
