4009 5859
697 585 938 668 ludum,
988 586 1059 650 in
1104 609 1229 672 quo
1276 587 1553 672 pecunia
1598 587 1895 650 uincatur
1940 610 2056 650 seu
2103 587 2426 672 perdatur,
2476 611 2631 653 sane
2669 589 3090 674 intelligendo
3122 599 3391 675 excepto
3422 588 3575 653 ludo

700 701 845 787 pile,
897 703 1016 766 sub
1066 724 1234 786 pena
1280 700 1591 766 librarum
1644 704 1727 766 10
1771 701 1814 766 f.
1850 725 1911 789 p.
1962 725 2077 788 pro
2124 704 2414 788 quolibet
2460 713 2524 767 et
2569 705 2858 790 qualibet
2902 707 3044 770 uice
3093 719 3212 770 cet.

920 817 1009 882 Et
1063 817 1235 903 quod
1289 819 1358 881 in
1417 818 1718 884 omnibus
1776 829 1841 882 et
1886 841 2002 904 per
2049 819 2266 883 omnia
2312 819 2712 906 intelligatur
2757 844 2902 887 esse
2947 835 3016 886 et
3057 823 3146 886 sit
3191 820 3580 908 dispositum

698 945 761 998 et
809 933 1175 998 ordinatum
1224 943 1288 998 et
1334 935 1430 998 sic
1477 935 1881 1018 obseruetur‚
1942 936 2057 998 fiat
2104 945 2169 998 et
2215 947 2568 1021 exequatur
2613 947 2840 1002 contra
2883 960 3109 1003 omnes
3157 947 3220 1002 et
3265 937 3578 1022 singuIOS,

699 1051 809 1136 qui
842 1050 1127 1114 luxerint
1157 1072 1349 1136 super
1380 1049 1762 1134 arengheria
1792 1073 1905 1114 seu
1936 1051 2099 1134 loco,
2145 1051 2642 1138 qui·uulgariter
2672 1052 2907 1118 dicitur
2937 1052 3332 1138 laringhiera
3357 1049 3578 1138 (Pan),

696 1176 884 1232 extra
928 1177 995 1230 et
1038 1165 1224 1229 iuxta
1268 1166 1579 1252 palatium
1625 1167 2088 1252 supradictum.

920 1283 1009 1346 Et
1058 1281 1231 1368 quod
1288 1282 1525 1368 aliquis
1583 1283 1661 1346 de
1716 1282 1968 1348 familia
2025 1283 2432 1349 dominorum
2486 1287 2774 1372 priorum
2827 1295 2894 1350 et
2936 1285 3288 1351 uexilliferi
3333 1285 3580 1351 iustitie

699 1420 831 1463 non
876 1399 1086 1484 possit
1131 1421 1249 1462 nec
1296 1398 1530 1464 debeat
1575 1399 1889 1486 impedire
1936 1401 2043 1465 uel
2089 1400 2352 1487 aliquod
2400 1402 2934 1488 impedimentum
2978 1402 3215 1467 inferre
3262 1401 3457 1467 alicui
3498 1400 3581 1466 de

698 1514 949 1579 familia
993 1514 1263 1579 alicuius
1312 1516 1579 1580 rectoris
1628 1539 1743 1580 seu
1790 1516 2096 1601 offitialis,
2155 1517 2432 1604 capienti
2481 1541 2594 1582 seu
2643 1540 2872 1604 capere
2916 1517 3160 1583 uolenti
3209 1527 3273 1581 et
3319 1525 3582 1602 captum

702 1629 963 1695 ducenti
1010 1629 1291 1716 aliquem
1340 1631 1417 1696 de
1466 1631 1773 1718 predictis
1820 1632 2194 1699 ludentibus
2241 1644 2361 1698 cet.

921 1747 1087 1812 Item
1136 1748 1306 1834 quod
1354 1771 1468 1834 per
1514 1749 1803 1835 predicta
1849 1751 1963 1833 illi,
2016 1751 2122 1837 qui
2173 1763 2389 1816 essent
2436 1751 2515 1817 de
2556 1753 2805 1817 familia
2836 1751 3237 1816 dominorum
3271 1749 3580 1837 priorum,

701 1888 830 1930 non
880 1865 1322 1950 intelligantur
1366 1864 1676 1950 prohibiti
1722 1866 1943 1931 ludere
1992 1867 2061 1931 in
2108 1867 2323 1953 loggia
2371 1869 2474 1933 uel
2521 1868 2901 1954 arengheria
2929 1867 3218 1954 predicta
3249 1868 3351 1931 uel
3381 1888 3584 1954 prope

700 1982 845 2068 ipsa
890 1981 1050 2065 loca,
1101 1980 1227 2047 nisi
1277 1982 1679 2046 solummodo
1729 1982 1806 2046 de
1855 1983 2005 2048 ludo
2055 1983 2230 2063 cardi
2280 1995 2344 2048 et
2391 1985 2469 2050 de
2517 1985 2682 2068 aliis,
2733 1984 3074 2071 prohibitis
3123 2007 3238 2070 per
3283 1983 3424 2048 alia*
3451 1993 3580 2047 sta-

701 2107 842 2162 tuta
888 2107 1007 2163 cet.

926 2214 1015 2278 Et
1082 2215 1345 2300 insuper
1412 2215 1585 2300 quod
1656 2216 1955 2300 quilibet,
2030 2217 2138 2301 qui
2199 2216 2278 2280 de
2335 2227 2546 2281 cetero
2599 2217 2670 2281 in
2725 2217 2900 2282 dieta
2945 2217 3048 2281 uel
3095 2239 3294 2302 prope
3343 2215 3585 2280 dictam

702 2330 985 2416 loggiam
1032 2341 1215 2394 extra
1262 2330 1521 2395 domum
1567 2354 1682 2417 per
1729 2331 1951 2396 decem
1998 2332 2303 2398 bracchia
2348 2343 2458 2398 aut
2503 2356 2694 2420 super
2740 2334 2914 2399 dicta
2959 2333 3065 2398 uel
3111 2355 3310 2420 prope
3341 2332 3585 2396 dictam

704 2447 1151 2532 arengheriam
1198 2471 1313 2534 per
1358 2449 1529 2512 idem
1576 2451 1857 2535 spatium
1904 2451 2200 2515 minserit
2245 2451 2351 2514 uel
2397 2451 2572 2514 aliud
2619 2461 2801 2536 turpe
2849 2449 3060 2514 simile
3105 2448 3347 2531 fecerit,
3397 2469 3586 2531 coga-

702 2575 807 2628 tur
876 2575 940 2627 et
1008 2564 1428 2650 compellatur
1495 2567 1739 2651 absque
1814 2567 1943 2630 ulla
1998 2567 2382 2631 solennitate
2439 2577 2502 2631 et
2548 2566 3093 2632 substantialitate
3139 2565 3425 2629 obmissa
3469 2586 3588 2650 per

707 2681 1061 2766 quemlibet
1105 2691 1419 2745 rectorem
1467 2691 1531 2745 et
1577 2705 1691 2746 seu
1738 2682 2073 2747 offitialem
2120 2683 2273 2748 dicti
2323 2685 2614 2748 comunis
2661 2684 2739 2748 ad
2791 2681 3172 2748 soluendum
3213 2680 3586 2746 camerariis

705 2820 956 2862 camere
1006 2797 1162 2861 dicti
1212 2797 1501 2862 comunis
1549 2797 1750 2864 libras
1802 2801 1887 2865 10
1930 2798 1973 2863 f.
2010 2823 2071 2886 p.
2122 2809 2242 2864 cet.

929 2967 1043 3033 63.
1117 2968 1305 3032 Anno
1366 2975 1560 3048 1393,
1615 2971 1961 3033 indictione
2011 2978 2072 3050 1,
2131 2973 2234 3034 die
2279 2977 2366 3034 26
2413 2973 2641 3034 mensis
2689 2971 2923 3036 Martii
2974 2966 3254 3055 (Provis.
3302 2967 3449 3032 filza
3495 2967 3584 3032 83

702 3107 765 3172 p.
816 3080 955 3166 Sa).

796 3213 805 3220 ⁹
926 3219 1214 3284 Maxime
1262 3229 1356 3302 ut,
1416 3230 1724 3305 quantum
1772 3219 1911 3285 fieri
1959 3230 2196 3306 potest,
2248 3222 2554 3286 tolla-ntur
2600 3221 2828 3286 illicita
2872 3243 3070 3307 prope
3117 3221 3428 3307 palatium
3474 3219 3586 3283 do-

706 3335 1044 3418 minorum,
1095 3335 1423 3420 magnifici
1470 3335 1732 3420 domini,
1784 3336 2029 3401 domini
2077 3339 2320 3424 priores
2367 3339 2602 3403 artium
2645 3349 2708 3402 et
2739 3337 3060 3403 uexillifer
3089 3337 3333 3402 iustitie
3363 3335 3584 3422 populi

707 3461 772 3516 et
817 3451 1106 3516 comunis
1153 3451 1479 3515 Florentie
1528 3486 1607 3496 —
1660 3453 2104 3538 prouiderunt,
2163 3455 2624 3518 ordinauerunt
2667 3465 2734 3518 et
2779 3454 3300 3518 deliberauerunt
3351 3487 3432 3497 --
3479 3451 3588 3517 die

705 3567 1021 3651 uigesimo
1078 3567 1358 3632 secundo
1406 3570 1650 3633 mensis
1698 3569 1935 3651 Martii,
1987 3594 2157 3635 anno
2205 3570 2448 3635 domini
2498 3572 2670 3636 1393
2701 3566 2871 3653 (sic),
2918 3570 3272 3635 indictione
3309 3571 3364 3652 l,
3413 3569 3588 3654 quod

708 3683 963 3769 aliquiS‚
1017 3684 1473 3770 cuiuscumque
1520 3685 1910 3750 conditionis
1959 3687 2224 3768 existat,
2276 3687 2471 3750 etiam
2518 3688 2574 3751 si
2622 3697 2794 3752 esset
2841 3684 3298 3772 stipendiarius
3345 3693 3458 3749 aut
3505 3683 3585 3748 de

706 3799 956 3865 familia
1001 3800 1272 3866 alicuius
1321 3802 1587 3866 rectoris
1636 3802 1739 3866 uel
1787 3801 2093 3886 offitialiS,
2144 3826 2274 3878 non
2323 3802 2559 3867 audeat
2602 3827 2722 3868 nec
2770 3803 2897 3868 sibi
2930 3803 3122 3866 liceat
3152 3824 3344 3888 super
3371 3800 3589 3887 platea

706 3917 931 4004 palatii
978 3917 1382 3982 dominorum
1429 3919 1713 4004 priorum
1760 3928 1825 3981 et
1870 3919 2216 3983 uexilliferi
2265 3919 2509 3983 iustitie
2557 3920 2839 3984 ciuitatis
2870 3918 3201 3983 Florentie
3245 3928 3357 3983 aut
3385 3940 3586 4004 prope

707 4035 916 4120 ipsam
970 4033 1249 4118 plateam
1306 4055 1421 4119 per
1475 4034 1779 4098 bracchia
1826 4037 1910 4099 25
1971 4035 2073 4098 uel
2118 4036 2331 4099 minus
2380 4044 2443 4098 et
2491 4058 2605 4100 seu
2651 4037 2846 4100 etiam
2894 4035 3262 4121 expressius
3312 4033 3586 4099 dicendo

707 4152 773 4215 in
833 4150 1049 4236 loggia
1107 4149 1263 4215 dicti
1322 4151 1613 4215 comunis
1670 4161 1781 4214 aut
1828 4174 2018 4236 super
2065 4150 2447 4236 arengheria
2495 4151 2649 4215 dicti
2697 4151 2918 4238 palatii
2966 4151 3186 4216 ludere
3234 4150 3316 4216 ad
3360 4149 3588 4215 ludum

708 4266 884 4346 cardi
945 4275 1055 4330 aut
1110 4267 1302 4332 naibe
1362 4267 1463 4331 uel
1520 4268 1861 4332 naiborum
1915 4267 2020 4330 uel
2067 4269 2264 4332 alium
2312 4267 2533 4332 ludum
2580 4264 2972 4352 taxillorum,
3031 4267 3426 4354 prohibitum
3473 4291 3590 4354 per

708 4392 951 4449 statuta
1004 4407 1119 4448 seu
1178 4382 1626 4448 ordinamenta
1682 4382 1837 4447 dicti
1895 4385 2204 4467 comuniS,
2265 4385 2383 4449 sub
2431 4407 2598 4469 pena
2643 4384 2954 4449 librarum
3000 4385 3086 4449 25
3132 4384 3176 4449 f.
3213 4407 3272 4470 p.
3322 4384 3590 4450 cuilibet

708 4500 1220 4583 contrafacienti3
1273 4539 1355 4548 -—
1391 4509 1454 4564 et
1486 4499 1593 4585 qui
1628 4510 1965 4585 propterca
1998 4511 2222 4586 captus
2255 4500 2466 4580 fuerit,
2503 4509 2651 4564 ante
2685 4500 3070 4564 solutionem
3101 4524 3228 4565 non
3263 4500 3590 4565 relaxetur

709 4619 829 4682 sub
898 4640 1066 4703 pena
1134 4617 1445 4681 librarum
1508 4618 1633 4680 100
1678 4615 1721 4680 f.
1757 4638 1817 4701 p.
1877 4615 2128 4679 offitiali
2186 4615 2534 4699 relaxanti;
2595 4651 2676 4658 —
2736 4627 2797 4679 et
2853 4618 2962 4702 qui
3017 4640 3149 4681 non
3203 4615 3468 4681 soluerit
3523 4627 3590 4682 et

709 4734 961 4798 steterit
1006 4742 1345 4818 propterea
1389 4732 1455 4796 in
1506 4732 1871 4795 carceribus
1920 4732 2273 4796 stincarum
2321 4730 2403 4796 ad
2448 4731 2661 4796 minus
2708 4753 2823 4816 per
2865 4731 3024 4796 duos
3058 4754 3332 4816 menses,
3382 4735 3590 4819 possit

708 4849 1006 4932 relaxari,
1057 4850 1235 4935 prius
1284 4872 1450 4934 aqua
1495 4848 1813 4933 profusus,
1867 4857 1931 4912 et.
1977 4849 2047 4912 in
2094 4847 2268 4911 dicta
2313 4870 2480 4933 pena
2525 4847 2924 4932 intelligatur
2971 4859 3034 4912 et
3065 4849 3150 4912 sit
3185 4883 3266 4891 —
3302 4870 3588 4934 compre-

708 4964 915 5030 hensa
958 4963 1087 5030 alia
1130 4987 1298 5050 pena
1344 4965 1715 5051 pecuniaria
1760 4987 1875 5052 pro
1922 4963 2076 5028 ludo
2125 4973 2244 5028 cet.

1882 5191 2000 5197 -..--—
2028 5191 2169 5197 *—-
2202 5191 2416 5198 —-—-—-—.
