4009 5859
2182 451 2313 513 ‘2063

803 627 1100 693 faciendo
1152 627 1282 692 illis
1329 627 1706 714 anteportis,
1756 628 1986 712 muris,
2058 627 2356 712 domibus
2405 641 2465 694 et
2517 627 2833 698 hedificiis
2881 629 3061 693 iuxta
3106 638 3172 692 et
3216 651 3413 715 prope
3460 627 3683 694 ducale

796 744 1126 832 palatium,
1189 756 1253 808 et
1299 755 1485 831 prout
1533 744 1732 809 trahit
1762 767 1802 809 a
1833 744 2003 809 dicto
2038 745 2279 831 palatio
2315 768 2515 831 usque
2550 744 2632 810 ad
2666 746 2857 827 uiam,
2894 745 2997 810 cui
3031 743 3267 813 dicitur
3296 745 3405 810 uia
3436 744 3515 812 de
3544 744 3681 810 Ma-

797 862 996 927 neriis
1043 858 1235 945 (K1)‚
1291 871 1355 926 et
1402 885 1441 926 a
1489 861 1678 926 domo
1721 861 1876 924 olim
1908 859 2193 928 Jachetti
2231 861 2309 926 de
2340 861 2667 927 Mane-inis
2700 857 2957 945 (97a‘?)‚
3008 884 3133 946 que
3175 871 3273 926 est
3304 861 3371 926 in
3402 861 3683 947 anghulo

797 979 900 1044 uie
942 977 1382 1045 Maneriorum
1413 975 1570 1062 (Κι.
1593 978 1666 1042 Μ
1687 974 1757 1060 ι),
1795 1001 1875 1042 ex
1917 979 2215 1064 opposito
2248 979 2469 1064 palatii
2512 976 2796 1064 Philippi
2814 974 2860 1060 ¹)
2894 978 2972 1041 de
3004 977 3432 1062 Maghaloctis
3464 975 3574 1064 (97
3589 973 3679 1061 b),

799 1117 999 1182 usque
1048 1095 1129 1160 ad
1178 1095 1352 1160 uiam
1398 1090 1616 1180 (I·?)²)‚
1668 1117 1792 1180 que
1841 1105 1940 1159 est
1987 1103 2135 1158 ante
2184 1095 2497 1180 palatium
2544 1094 2701 1160 olim
2745 1095 3023 1160 filiorum
3067 1094 3430 1161 Benincase
3461 1091 3679 1179 (821³),

797 1222 862 1276 et
931 1236 970 1276 a
1040 1212 1213 1277 dicta
1281 1214 1388 1278 uia
1436 1235 1636 1298 usque
1685 1211 1770 1277 ad
1816 1210 2043 1276 ducale
2092 1211 2403 1295 palatium
2450 1210 2917 1297 supradictum,
2990 1221 3054 1274 et
3100 1211 3252 1276 alibi
3303 1212 3369 1276 in
3419 1213 3681 1277 ciuitate

796 1329 851 1394 F
855 1329 1126 1395 lorentie
1175 1353 1288 1417 pro
1337 1330 1509 1394 dicto
1559 1329 1818 1398 domino
1869 1328 2029 1393 duce
2079 1337 2142 1393 et
2190 1329 2445 1392 comuni
2480 1327 2534 1392 F
2538 1328 2826 1411 lorentie‚
2878 1351 3001 1414 que
3049 1337 3113 1393 et
3159 1337 3315 1415 quot
3362 1329 3682 1395 laboreria

797 1456 861 1511 et
907 1446 1224 1530 hedificia,
1275 1457 1338 1511 et
1388 1447 1496 1512 ubi
1545 1446 1872 1512 uidebitur
1916 1445 2306 1510 officialibus
2354 1445 2682 1532 predictiS,
2735 1444 2839 1510 die
2880 1446 3165 1532 presenti
3210 1446 3471 1511 initium
3504 1446 3682 1511 habi-

795 1572 941 1629 tura
986 1573 1046 1628 et
1096 1564 1400 1628 duratura
1447 1561 1513 1627 in
1562 1563 1774 1627 officio
1825 1561 2196 1648 supradicto
2242 1561 2397 1626 hinc
2444 1561 2528 1627 ad
2574 1572 2867 1627 nostrum
2902 1561 3379 1648 beneplacitum
3411 1573 3475 1627 et
3504 1586 3681 1628 man·

797 1679 1017 1744 datum
1065 1688 1129 1744 et
1176 1702 1291 1767 per
1336 1689 1542 1744 totum
1589 1680 1801 1766 ipsum
1849 1689 2103 1765 tempus
2152 1688 2216 1743 et
2262 1679 2611 1744 terminum
2657 1701 2803 1743 cum
2851 1679 3083 1763 offici0,
3135 1689 3473 1765 potestate,
3529 1701 3681 1744 auc-

795 1795 1052 1862 toritate
1101 1806 1166 1860 et
1212 1796 1386 1861 balia
1430 1796 1860 1882 infrascriptis
1910 1805 2029 1861 cet.

1017 1912 1220 1978 Facta
1271 1913 1530 1979 fuerunt
1577 1915 1794 1979 omnia
1839 1925 1904 1978 et
1950 1913 2225 1999 singula,
2276 1887 2361 1977 in·
2390 1912 2684 2000 proximo
2735 1913 2991 1978 decreto
3024 1913 3283 2000 scripta,
3318 1935 3434 1998 per
3466 1915 3677 2000 ipsum

797 2029 1126 2095 dominum
1175 2030 1401 2096 ducem
1451 2031 1517 2094 in
1565 2031 1804 2116 palatio
1854 2029 2069 2095 ducali
2116 2031 2236 2095 sub
2284 2053 2454 2095 anno
2503 2028 2747 2094 domini
2805 2024 3106 2113 1342(3)‚
3168 2029 3522 2094 indictione
3577 2031 3677 2112 ll,

794 2152 1080 2231 tempore
1127 2143 1373 2210 domini
1419 2143 1776 2212 Clementis
1825 2145 2001 2232 Pape
2051 2146 2251 2212 sexsti
2300 2141 2471 2230 (sic),
2522 2145 2627 2210 die
2676 2145 2928 2210 decimo
2974 2146 3219 2211 mensis
3264 2145 3582 2210 Januarii.

1018 2314 1134 2381 98.
1233 2319 1422 2382 Anno
1477 2323 1669 2399 1343,
1719 2320 1820 2382 die
1867 2325 1950 2381 19
2000 2318 2330 2383 Januam'i.
2404 2315 2537 2384 Cfr.
2588 2317 2772 2405 Gaye
2819 2317 2853 2382 I
2898 2340 2959 2403 p.
2994 2319 3146 2382 495.

1017 2488 1135 2554 99.
1235 2489 1422 2552 Anno
1472 2494 1664 2569 1343,
1717 2491 1820 2553 die
1865 2495 1952 2552 27
2003 2489 2410 2576 Septembris.
2486 2487 2620 2555 Cfr.
2672 2488 2858 2574 Gaye
2905 2488 2939 2553 I
2984 2511 3045 2575 p.
3081 2489 3232 2554 495.

1019 2655 1183 2724 100.
1275 2657 1356 2722 In
1425 2659 1685 2724 nomine
1731 2658 1857 2724 Dei
1913 2683 2123 2726 amen.
2218 2660 2559 2725 Dominice
2616 2658 3079 2724 incarnationis
3128 2657 3459 2726 salutifere
3507 2683 3680 2722 anno

798 2779 992 2855 1343,
1041 2775 1384 2840 indictione
1417 2783 1523 2856 11,
1565 2776 1976 2860 pontificatus
2027 2777 2421 2842 sanctissimi
2470 2776 2671 2862 patris
2704 2783 2768 2840 et
2800 2773 3062 2857 domini,
3098 2773 3343 2838 domini
3376 2771 3680 2840 Clemen-

793 2891 878 2954 tis
934 2913 1098 2977 pape
1145 2889 1238 2955 VI
1286 2915 1454 2957 anno
1503 2891 1808 2972 secundo,
1859 2893 1963 2958 die
2016 2899 2094 2956 19
2145 2894 2373 2957 mensis
2418 2891 2639 2968 ‹Iu-nik
2687 2900 2903 2956 act-um
2949 2889 3276 2955 Florentie
3321 2891 3390 2955 in
3436 2891 3680 2977 populo

792 3006 1002 3072 sancti
1034 3006 1334 3093 Remigii,
1387 3010 1796 3094 presentibus
1837 3009 2092 3074 ‘uocatis
2141 3019 2205 3074 et
2250 3009 2491 3095 rogatis
2539 3009 2835 3090 testibus,
2888 3047 2968 3055 —
3020 3004 3425 3072 Cionellinus
3474 3031 3679 3094 quon-

793 3122 942 3188 dam
986 3121 1157 3188 Belli
1204 3125 1488 3207 Alberti,
1555 3125 1772 3211 populi
1825 3126 2031 3190 sancti
2082 3123 2421 3208 Florentii,
2484 3135 2545 3189 et
2595 3123 3023 3188 Thommasus
3072 3122 3395 3208 quondam
3445 3119 3680 3188 Cionis

789 3240 1067 3325 Alberti,
1119 3240 1337 3328 populi
1387 3239 1542 3305 dicti
1591 3241 1810 3328 populi
1860 3241 2072 3306 sancti
2104 3241 2417 3306 Florentii
2468 3241 2545 3305 de
2578 3240 2927 3322 Florentia,
2978 3262 3093 3325 pro
3141 3239 3346 3303 tribus
3378 3240 3679 3324 partibus

797 3354 876 3420 de
937 3367 1251 3441 quactuor
1308 3357 1600 3443 partibus
1646 3381 1763 3445 pro
1810 3359 2093 3425 indiuiso
2143 3359 2695 3444 infrascriptorum
2743 3358 3059 3422 bonorum
3105 3355 3544 3440 uenditorum,
3622 3369 3685 3423 et

790 3471 1125 3539 Johannes
1172 3474 1498 3560 quondam
1531 3474 1846 3557 Pieroccii
1888 3477 2168 3560 Alberti,
2220 3476 2439 3562 populi
2489 3476 2697 3541 sancti
2729 3473 3165 3562 Appolenaris
3210 3473 3289 3538 de
3319 3473 3681 3558 Florentia,

789 3611 906 3675 pro
953 3589 1083 3654 alia
1128 3600 1357 3676 quarta
1395 3602 1577 3678 parte
1609 3594 2164 3681 infrascriptorum
2199 3593 2511 3659 bonorum
2544 3591 2955 3657 uenditorum
2991 3625 3066 3636 --
3106 3607 3555 3658 conuenerunt
3586 3592 3685 3656 in·

789 3705 1128 3793 frascripto
1159 3707 1546 3794 Aldigherio
1587 3721 1650 3774 et
1687 3710 1846 3774 mihi
1881 3708 2197 3792 mactheO,
2236 3709 2487 3774 notario
2520 3708 2949 3794 infrascriptO,
2988 3749 3068 3756 —
3113 3731 3229 3794 pro
3260 3707 3685 3794 infrascripto

792 3820 1038 3887 Illustri
1088 3823 1349 3889 domino
1399 3826 1558 3891 duce
1607 3835 1670 3891 et
1717 3827 1972 3890 comuni
2006 3825 2355 3909 Florentie,
2394 3857 2476 3870 -·
2522 3824 2950 3890 uendiderunt
2991 3859 3073 3868 —
3116 3835 3180 3888 et
3218 3835 3687 3890 concesserunt

792 3937 1173 4023 Aldigherio
1221 3942 1546 4025 quondam
1593 3965 1698 4008 ser
1743 3939 2092 4023 Gherardi,
2144 3940 2364 4028 populi
2413 3941 2623 4005 sancti
2668 3939 2979 4026 Remigii,
3031 3949 3095 4003 et
3142 3938 3301 4003 mihi
3346 3938 3680 4023 Macthe0‚

790 4055 1060 4138 notari0‚
1112 4091 1192 4100 -
1266 4059 1532 4140 ementi,
1606 4058 1940 4144 stipulanti
1990 4069 2055 4123 et
2100 4058 2437 4143 recipienti
2486 4079 2601 4142 pro
2645 4055 2894 4120 Illustri
2936 4056 3232 4141 principe
3280 4067 3343 4119 et
3390 4055 3679 4141 domin0,

791 4171 1052 4236 domino
1086 4170 1440 4257 Gualterio,
1474 4173 1919 4239 Acthenarum
1955 4173 2117 4239 duce
2150 4183 2214 4240 et
2262 4171 2521 4240 domino
2554 4171 2911 4256 Florentie,
2962 4182 3026 4236 et
3073 4194 3187 4257 pro
3237 4172 3491 4236 comuni
3528 4173 3585 4238 F
3590 4174 3683 4238 lo·

791 4288 996 4354 rentie
1043 4289 1321 4374 integre:
1395 4289 1698 4355 uidelicet
1767 4290 2093 4375 quoddam
2164 4291 2514 4378 palactium
2564 4315 2711 4357 cum
2757 4289 2951 4355 uoltis
2999 4299 3064 4352 et
3110 4287 3386 4374 quedam
3436 4289 3685 4356 solaria

792 4414 856 4469 et
923 4414 1274 4488 terrenum,
1349 4429 1541 4494 super
1610 4429 1736 4493 quo
1807 4407 2066 4473 fuerunt
2135 4407 2363 4474 domus
2434 4419 2497 4471 et
2542 4407 2791 4494 lapides
2842 4417 2905 4472 et
2952 4405 3308 4491 lignamina
3354 4404 3681 4473 dictarum

791 4520 1150 4605 domorum,
1227 4525 1578 4610 positarum
1625 4521 1972 4608 Florentie,
2024 4548 2138 4611 pro
2196 4534 2378 4611 parte
2426 4523 2495 4587 in
2542 4523 2778 4609 populo
2828 4522 3036 4587 sancti
3082 4520 3393 4587 Florentii
3445 4535 3510 4585 et·
3560 4547 3682 4609 pro

789 4646 968 4722 parte
1017 4638 1084 4702 in
1130 4639 1365 4724 populo
1414 4641 1621 4705 sancti
1669 4640 1846 4706 Petri
1893 4637 2231 4724 Scradii³)3
2304 4641 2539 4727 quibus
2588 4640 2887 4704 omnibus
2937 4662 2975 4702 a
3005 4633 3069 4721 1)
3116 4637 3332 4723 platea
3378 4637 3515 4703 siue
3568 4641 3683 4705 uia

789 4781 857 4787 -—
909 4783 941 4788 --
976 4784 987 4788 -
1010 4784 1073 4788 —-
1133 4783 1213 4790 ——-.

969 4849 1010 4915 ¹)
1047 4847 1128 4902 Im
1168 4849 1407 4921 Original
1445 4849 1612 4904 steht:
1649 4834 1762 4922 phi]
1801 4851 1899 4904 das
1936 4852 2005 4905 ist
2030 4873 2103 4897 =
2126 4849 2381 4921 Philippi.

965 4936 1006 5004 ²)
1044 4935 1330 4990 Vielleicht
1364 4938 1452 4991 via
1486 4936 1571 4993 de’
1601 4939 1797 5008 Leoni,
1843 4939 1915 4992 da
1950 4938 2039 4992 die
2074 4939 2373 4993 Benincase
2406 4937 2479 4991 im
2512 4935 2817 5008 Kirchspiel
2854 4955 2957 4990 von
3000 4935 3107 4990 San
3146 4935 3303 4989 Piero
3341 4934 3679 5008 Scheraggio

789 5023 1036 5078 wohnten
1073 5024 1356 5091 (Urkunde
1393 5045 1442 5082 V.
1473 5029 1625 5082 1319.
1665 5027 1804 5080 oben
1844 5046 1922 5082 nr.
1949 5030 2059 5096 82).

965 5114 1007 5182 ³)
1044 5113 1175 5168 Hier
1211 5113 1336 5167 sind
1373 5114 1566 5186 gewiss
1603 5114 1787 5168 mehre
1813 5115 2104 5170 contracte
2127 5134 2233 5170 von
2262 5113 2681 5169 Hausankfiufen
2704 5115 2950 5168 verloren
2976 5130 3272 5185 gegangen.
3301 5143 3365 5151 —
3395 5113 3495 5166 Die
3520 5111 3683 5186 Lage

792 5201 968 5256 dieses
1005 5201 1248 5257 Palastes
1287 5203 1434 5256 kann
1469 5201 1555 5256 ich
1593 5203 1740 5257 nicht
1777 5203 1953 5256 sicher
1989 5206 2252 5275 angeben.
2324 5203 2462 5258 Eine
2498 5222 2701 5275 gonaue
2739 5204 2905 5257 Karte
2944 5203 3041 5256 der
3076 5201 3376 5256 Parochien
3411 5219 3517 5255 von
3544 5201 3682 5256 Flo-

789 5309 913 5351 renz
975 5291 1082 5348 und
1131 5291 1273 5346 ihrer
1319 5291 1566 5348 Grenzen
1608 5297 1746 5346 ware
1792 5290 2059 5346 durchaus
2099 5291 2457 5364 nothwendig.
2541 5292 2798 5346 Dieselbe
2836 5291 2966 5345 fehlt
3002 5292 3087 5345 bis
3118 5293 3269 5364 jetzt.
3344 5290 3475 5343 Hier
3510 5291 3681 5346 weiss
