4009 5859
1834 383 1964 447 243

593 555 694 622 18.
763 553 1110 620 Antonio
1158 555 1203 619 J
1216 556 1464 641 acobi,
1537 557 1967 642 pizicagn010,
2043 594 2115 603 —
2183 561 2251 624 in
2310 562 2624 646 apotheca
2678 564 2799 628 sub
2861 565 3340 631 domoAmelii

766 667 1109 740 Giacchini
1157 668 1235 734 de
1282 670 1673 776 Bonaguisis
1725 708 1806 718 —
1860 677 1944 739 10
1988 675 2265 742 florenos
2317 678 2474 743 auri.

594 787 694 850 19.
765 785 1150 856 Bonaiuto
1199 796 1263 850 et
1308 787 1579 854 Buono
1627 789 1928 874 Lorini,
1977 790 2383 877 farsettariis,
2435 794 2544 880 qui
2590 794 2917 860 faciebant
2963 797 3341 883 apothecam

765 901 835 968 in
883 901 1070 974 domo
1120 903 1198 967 de
1231 903 1639 988 Bonaguisis,
1692 928 1772 969 ex
1819 907 2137 993 oppositis
2183 909 2380 974 turris
2429 909 2507 974 de
2550 907 3075 995 Caualcantibus‚
3116 948 3197 958 -
3229 914 3339 978 flo-

768 1041 962 1088 renos
1008 1020 1096 1084 20
1141 1019 1302 1083 auri.

591 1135 694 1198 20.
770 1130 1167 1204 Siluestro
1213 1133 1494 1222 Lapini
1558 1147 1623 1201 et
1683 1135 2184 1204 Christoforo
2245 1137 2599 1226 Simonis,
2658 1143 3068 1228 farsettariis,
3131 1180 3212 1190 —
3274 1147 3343 1210 in

769 1250 1088 1337 apotheca
1133 1251 1210 1316 de
1259 1251 1648 1338 Bonaguisis
1699 1295 1781 1304 --
1830 1256 2109 1322 florenos
2160 1258 2243 1322 15
2292 1259 2451 1323 auri.

591 1368 696 1438 21.
768 1367 1075 1436 Andree
1123 1365 1432 1452 Contri,
1480 1370 1901 1455 pizicagn010,
1953 1405 2035 1416 —-
2086 1373 2155 1437 in
2200 1374 2516 1460 apotheca
2562 1377 2683 1440 sub
2730 1374 2921 1440 domo
2968 1375 3190 1440 Maffei
3222 1375 3340 1440 Te-

769 1482 942 1548 daldi
993 1519 1074 1530 --
1125 1485 1403 1556 florenos
1451 1483 1493 1550 5
1542 1487 1700 1551 auri.

592 1599 696 1668 22.
767 1598 839 1664 M
852 1598 1089 1666 icheli
1135 1599 1349 1682 Diui,
1400 1601 1860 1687 piccicagnOIO,
1911 1603 1978 1668 in
2028 1603 2358 1688 apotheca,
2410 1627 2604 1690 quam
2642 1615 2819 1670 tenet
2850 1605 2932 1672 ad
2964 1607 3343 1692 pensionem

767 1716 850 1781 ab
897 1715 1200 1784 Johanne
1247 1717 1328 1784 de
1373 1717 1783 1803 BonaguisiS‚
1839 1754 1918 1762 *—
1971 1719 2250 1785 florenos
2300 1722 2340 1785 5
2389 1721 2547 1786 auri.

592 1832 696 1896 23.
770 1829 1115 1896 Guidoni
1165 1841 1230 1900 et
1271 1829 1317 1896 J
1327 1833 1612 1902 ohanni
1661 1834 1706 1899 J
1721 1836 1904 1918 usti,
1956 1836 2357 1921 farsettariiS,
2410 1862 2526 1924 pro
2576 1838 2847 1903 emenda
2894 1839 3157 1925 dampni
3191 1839 3341 1903 dua-

767 1972 908 2012 rum
957 1948 1284 2035 apothecat·
1329 1974 1434 2038 tm,
1483 1973 1642 2036 quas
1677 1960 1900 2016 tenent
1930 1952 2001 2016 in
2030 1953 2410 2038 pensionem
2440 1954 2511 2018 in
2544 1950 2703 2018 Orto
2739 1955 2945 2019 sancti
2977 1954 3340 2040 Michaelis),

772 2105 856 2114 —
903 2064 1181 2129 florenos
1235 2068 1319 2131 10
1365 2067 1522 2136 auri.

595 2182 698 2246 24.
769 2182 1120 2250 Antonio
1167 2183 1522 2268 magistri
1568 2181 1982 2268 Johannis,
2048 2185 2427 2270 calzaiu010,
2492 2225 2575 2234 —
2624 2186 2693 2250 in
2740 2186 3053 2272 apotheca
3100 2187 3343 2252 domini

770 2297 1098 2364 Ricciardi
1149 2298 1227 2362 (16
1276 2297 1556 2366 Circulis
1606 2341 1690 2349 —
1737 2301 2016 2366 florenos
2065 2303 2105 2366 5
2155 2303 2313 2368 auri.

595 2416 698 2480 25.
768 2414 1104 2480 Johanni
1151 2415 1360 2480 Pieri
1394 2427 1458 2480 et
1487 2416 1832 2481 «Iohanni
1879 2417 2300 2503 Johannis,
2350 2418 2753 2502 farsettariis,
2794 2455 2875 2463 —
2908 2419 2977 2483 in
3010 2419 3342 2505 apotheca,

772 2555 965 2618 quam
1013 2541 1235 2596 tenent
1279 2555 1318 2596 a
1364 2532 1666 2601 Johanne
1713 2533 2041 2598 Ricciardi
2092 2535 2171 2598 de
2220 2532 2522 2619 Circulis,
2572 2535 2848 2601 florenos
2898 2539 2939 2601 5
2988 2537 3145 2600 auri.

687 2649 812 2712 Die
857 2653 1042 2713 tertia
1087 2652 1317 2714 mensis
1364 2650 1596 2714 Martii
1640 2645 1726 2733 (a.
1778 2673 1832 2715 a.
1886 2648 1964 2716 O.
2016 2674 2077 2736 p.
2129 2652 2210 2715 21
2228 2647 2311 2734 a).

682 2764 942 2849 Agnolo
975 2764 1299 2830 Johannis
1349 2766 1427 2830 de
1468 2765 1634 2830 Pino
1681 2789 1798 2852 pro
1847 2769 2173 2853 expensis»,
2223 2791 2338 2854 per
2384 2791 2532 2832 eum
2577 2768 2786 2852 factis,
2839 2790 3035 2853 quum
3084 2790 3343 2854 congre-

461 2880 593 2964 gati
641 2881 901 2945 fuerunt
932 2881 1231 2946 consules
1267 2891 1331 2946 et
1363 2882 1639 2968 operarii
1673 2905 1788 2967 pro
1821 2883 2118 2947 faciendo
2152 2884 2639 2949 extimationem
2674 2883 3025 2967 domorum,
3062 2885 3344 2948 destruc·

461 3005 670 3060 tarum
715 2997 783 3060 in
832 2997 941 3061 uia
988 2994 1509 3062 Caciaiuolorum
1555 2996 1699 3064 Orti
1748 3000 1958 3064 sancti
2003 2999 2337 3064 Miccaelis
2386 3009 2451 3064 et
2496 3000 2816 3064 artificum
2862 2999 3339 3087 apothecarum,

462 3113 731 3179 sitarum
779 3114 1002 3178 subter
1049 3113 1254 3178 dictas
1305 3114 1549 3198 domOS,
1600 3114 1800 3180 libras
1852 3116 1934 3180 18
1981 3115 2025 3180 f.
2074 3138 2135 3201 p.
2188 3126 2253 3179 et
2297 3115 2538 3180 solidos
2592 3117 2669 3181 17
2720 3115 2763 3180 f.
2814 3138 2874 3202 p.

681 3229 872 3294 Anno
921 3235 1120 3311 1390,
1167 3231 1511 3296 indictione
1543 3237 1650 3311 13,
1701 3233 1804 3296 die
1835 3237 1918 3296 29
1950 3235 2180 3296 mensis
2210 3233 2443 3296 Martii
2487 3231 2767 3316 (Provis.
2809 3232 2959 3296 filza
2989 3232 3077 3298 80
3120 3256 3183 3319 p.
3219 3233 3339 3316 2a3

463 3344 647 3432 Gaye
689 3345 726 3409 I
774 3368 835 3432 p.
886 3342 1064 3430 533).

681 3463 1082 3528 Reuerenter
1113 3464 1458 3550 exponitur
1489 3464 1676 3528 uobis
1709 3463 2075 3548 magnificis
2110 3462 2409 3546 dominiS,
2447 3462 2725 3528 dominis
2756 3463 3082 3550 prioribus
3108 3464 3343 3531 artium

462 3590 527 3646 et
570 3580 934 3646 uexillifero
985 3580 1228 3646 iustitie
1289 3580 1508 3666 populi
1544 3590 1608 3644 et
1639 3579 1930 3644 comunis
1963 3578 2291 3643 Florentio
2323 3603 2439 3665 pro
2470 3589 2649 3665 parte
2682 3581 3121 3666 operariorum
3151 3604 3343 3667 opere

461 3698 726 3762 maioris
775 3697 1046 3762 ecclesie
1095 3695 1488 3780 Florentine,
1540 3697 1710 3782 quod
1757 3695 2070 3761 hactenus
2119 3695 2196 3759 de
2242 3719 2463 3761 mense
2490 3695 2813 3780 Octobris,
2864 3697 3155 3783 proxime
3202 3720 3342 3783 pre-

461 3816 669 3898 terit0,
703 3813 824 3879 fuit
872 3837 984 3900 per
1030 3825 1392 3900 opportuna
1436 3813 1712 3878 consilia
1755 3813 1974 3899 populi
2026 3822 2091 3877 et
2138 3813 2428 3877 comunis
2476 3812 2749 3898 predicti
2798 3812 3152 3877 solenniter
3198 3836 3340 3899 pro-

461 3932 673 3996 uisum
721 3940 786 3995 et
831 3930 1250 3995 reformatum
1295 3930 1464 3994 inter
1521 3940 1736 3994 cetera
1780 3931 1843 3994 in
1895 3930 2218 4013 effectum,
2282 3928 2452 4015 quod
2501 3929 2799 3994 consules
2847 3930 3003 3993 artis
3050 3929 3231 3994 Lane
3279 3939 3343 3994 et

462 4047 737 4134 operarii
796 4046 965 4110 dicte
1022 4068 1212 4132 opere
1270 4085 1353 4094 —
1414 4046 1724 4111 deberent
1779 4045 1930 4109 inde
1989 4044 2073 4109 ad
2128 4055 2371 4109 certum
2428 4053 2681 4130 tempus
2731 4044 3057 4108 declarare
3106 4044 3337 4126 danna,

459 4165 633 4230 facta
679 4163 975 4228 societati
1032 4162 1241 4226 sancti
1285 4161 1630 4227 Michaelis
1689 4162 1759 4226 in
1808 4161 1968 4227 Orto
2026 4171 2091 4226 et
2144 4161 2532 4247 quibusdam
2587 4160 2665 4224 de
2714 4157 3219 4226 Caualcantibus
3279 4170 3343 4224 et

463 4281 818 4346 artificibus
877 4289 940 4344 et
994 4279 1139 4344 aliis
1188 4279 1526 4343 occa-sione
1573 4279 2030 4363 hedifitiorum,
2088 4287 2241 4342 tunc
2290 4277 2368 4341 de
2415 4276 2710 4363 proximo
2759 4275 3228 4341 destructorum
3270 4276 3341 4340 in

464 4398 571 4461 uia
617 4419 732 4461 seu
778 4397 961 4460 iuxta
1005 4395 1199 4479 uiam,
1247 4417 1364 4481 per
1409 4417 1602 4480 quam
1648 4395 1778 4459 itur
1823 4419 1862 4458 a
1906 4394 2124 4479 platea
2163 4393 2566 4458 dominorum
2598 4392 2885 4478 priorum
2917 4390 2999 4455 ad
3030 4391 3341 4477 palatium

464 4512 671 4578 sancti
717 4510 1061 4576 Michaelis
1119 4511 1188 4575 in
1236 4509 1422 4593 Orto,
1490 4519 1554 4574 et
1611 4511 1816 4574 eciam
1871 4510 2227 4575 artificibus
2276 4517 2342 4572 et
2388 4508 2563 4592 aliis,
2623 4506 2700 4570 (16
2748 4507 2984 4593 quibus
3031 4506 3101 4572 in
3145 4506 3340 4570 refor-

463 4629 746 4694 matione
791 4629 866 4692 fit
911 4627 1182 4710 menti03
1240 4636 1304 4691 et
1347 4626 1471 4691 fuit
1515 4627 1847 4712 prouisum
1893 4627 1971 4690 de
2021 4633 2397 4690 ornamento
2446 4633 2511 4688 et
2553 4623 2759 4688 forma
2802 4645 3118 4689 nouorum
3162 4621 3339 4686 hedi-

462 4745 745 4810 fitiorum
793 4785 876 4795 --
927 4766 1002 4810 ac
1049 4744 1245 4808 etiam
1290 4743 1622 4829 prouisum
1667 4742 1790 4807 fuit
1835 4742 1914 4806 de
1961 4741 2221 4807 florenis
2273 4740 2520 4805 duobus
2568 4739 2833 4803 milibus
2882 4738 3051 4822 auri,
3100 4736 3340 4802 haben-

466 4862 564 4927 dis
614 4884 654 4925 a
698 4882 955 4925 camera
1001 4859 1156 4924 dicti
1205 4859 1497 4923 comunis
1546 4858 1624 4922 (16
1673 4859 1964 4945 pecunia,
2039 4855 2650 4943 suprahabundante
2722 4877 2914 4940 capse
2964 4861 3336 4938 castrorum,

464 5001 578 5064 pro
627 4975 1082 5043 satisfaciendo
1131 4976 1321 5040 dictis
1371 4975 1778 5040 dannificatis
1827 4984 1978 5057 cet.;
2045 5014 2128 5023 —
2186 5007 2257 5017 —-
2311 4995 2385 5036 ac
2434 4972 2628 5038 etiam
2675 4970 2845 5034 ultra
2890 4968 3130 5032 dictam
3171 4992 3339 5033 sum-

466 5116 637 5157 mam
680 5094 1069 5157 florenorum
1093 5093 1268 5158 2000
1303 5089 1564 5176 expedit
1608 5090 1834 5155 haberi
1884 5089 2012 5154 alia
2058 5089 2403 5174 quantitas,
2454 5084 2757 5150 uidelicet
2807 5106 3007 5169 usque
3055 5083 3124 5148 in
3172 5106 3339 5148 sum-

467 5232 638 5274 mam
683 5211 1074 5274 florenorum
1142 5207 1318 5273 mille
1375 5206 1918 5292 noningentorum
1978 5203 2447 5290 quinquaginta
2500 5200 2637 5265 auri
2684 5199 2767 5264 ad
2813 5199 2962 5283 hoc,
3022 5208 3093 5262 ut
3138 5199 3341 5264 omni-

2808 5300 2913 5358 31*
