4009 5859
2020 409 2148 505 154

644 591 796 674 lina,
849 591 1040 656 sitam
1086 591 1155 654 in
1200 588 1435 675 populo
1484 588 1689 652 sancti
1739 585 2043 672 Simonis,
2095 588 2362 652 missam
2408 610 2523 673 per
2571 597 2892 652 terrenum
2923 587 3344 670 Ubertorum3
3393 587 3514 653 sci-

644 708 797 772 licet
842 707 923 771 ad
969 705 1428 770 inueniendum
1473 715 1538 769 et
1584 704 2110 787 consumendum,
2161 713 2472 790 quantum
2519 702 2598 768 de
2637 713 2890 768 terreno
2934 706 3220 790 ipsorum
3252 704 3516 768 intrauit

645 823 713 886 in
759 825 969 907 ipsam
1026 821 1197 884 uiam
1251 819 1357 882 uel
1413 830 1793 905 occupatum
1846 829 1945 884 est
2000 829 2262 906 propter
2316 820 2526 904 ipsam
2583 820 2774 885 uiam.
2868 817 3000 899 Qui
3045 819 3357 904 magistri,
3407 840 3515 883 uo-

646 937 852 1002 lentes
899 936 1143 1000 dictum
1186 942 1556 1020 preceptum
1602 933 1973 1020 adimplere,
2037 935 2294 999 iuerunt
2341 933 2422 998 ad
2471 935 2681 1019 ipsum
2727 943 3052 1000 terrenum
3097 945 3162 998 et
3207 935 3382 999 niam
3429 944 3510 1016 et,

651 1051 1061 1138 squadrando
1110 1051 1320 1136 ipsam
1366 1052 1557 1134 uiam,
1607 1051 1993 1115 inuenerunt
2039 1051 2246 1136 ipsam
2293 1051 2465 1116 uiam
2513 1051 2813 1136 amplam,
2861 1052 3128 1116 missam
3162 1073 3276 1135 per
3304 1050 3518 1134 ipsum

648 1178 991 1248 terrenum,
1040 1166 1343 1231 bracchia
1392 1161 1553 1249 14¹),
1604 1175 1670 1230 et
1715 1167 1809 1230 sic
1856 1165 1979 1230 fuit
2025 1167 2358 1230 inuentum
2397 1167 2466 1230 in
2499 1189 2748 1231 summa
2778 1175 3104 1231 terrenum
3134 1164 3513 1252 predictum,

650 1281 821 1367 quod
866 1283 1131 1346 intrauit
1174 1283 1243 1346 in
1289 1282 1498 1367 ipsam
1547 1282 1720 1345 uiam
1764 1281 1871 1345 uel
1916 1291 2298 1367 occupatum
2342 1281 2463 1346 fuit
2503 1295 2762 1367 propter
2792 1283 3002 1368 ipsam
3033 1282 3225 1364 uiam,
3275 1301 3520 1365 panora

655 1401 732 1462 11
792 1398 875 1463 ad
930 1407 1171 1462 rectam
1228 1419 1595 1462 mensuram
1639 1397 1994 1480 Florentie3
2068 1419 2190 1482 que
2250 1419 2400 1461 uero
2449 1397 2556 1462 uia
2601 1407 2666 1461 et
2710 1407 3035 1463 terrenum
3083 1407 3182 1463 est
3225 1396 3294 1459 in
3342 1395 3516 1459 dicto

649 1513 884 1599 populo
918 1513 1123 1578 sancti
1157 1510 1471 1577 Simonis:
1522 1536 1562 1576 a
1582 1508 1648 1594 1)
1696 1513 1803 1576 uia
1834 1512 1914 1576 de
1945 1510 2328 1593 Torcicoda3
2378 1508 2506 1595 a2)
2539 1524 2603 1576 et
2634 1508 2700 1596 3)
2749 1512 3067 1578 dictorum
3095 1511 3516 1592 Ubertorum3

652 1651 691 1692 a
720 1625 789 1711 4)
836 1630 979 1715 ipsa
1024 1639 1209 1713 porta
1254 1627 1632 1693 Ghibellina
1678 1638 1742 1692 et
1786 1649 1949 1712 pons
1997 1637 2148 1693 ante
2195 1627 2435 1692 dictam
2482 1637 2751 1714 portam.

876 1743 1063 1806 Anno
1112 1750 1309 1823 1281,
1357 1745 1700 1807 indictione
1740 1749 1847 1821 10,
1899 1745 2000 1806 die
2033 1750 2114 1804 18
2157 1742 2524 1807 Decembris
2571 1739 2887 1828 (Capitoli
2918 1745 3005 1808 44
3049 1765 3112 1828 p.
3148 1743 3306 1825 64b,
3359 1741 3522 1806 fehlt

651 1859 757 1922 bei
803 1857 987 1943 Gaye
1034 1858 1155 1921 wie
1203 1856 1307 1922 die
1352 1856 1697 1942 folgenden
1742 1852 2200 1939 Dokumente).

876 1970 1084 2059 Super
1115 1972 1528 2057 infrascripta
1549 1973 1881 2058 petitione:
1926 1969 2165 2036 Coram
2195 1973 2382 2038 uobis
2416 1972 2694 2037 dominis
2718 1970 3268 2057 Quattuordecim,
3295 1973 3521 2060 positis

654 2111 845 2174 super
893 2090 1059 2154 bono
1106 2098 1279 2154 statu
1314 2089 1594 2152 ciuitatis
1625 2088 1971 2170 Florentie,
2016 2089 2280 2173 exponit
2311 2111 2416 2152 ser
2447 2085 2678 2154 Clarus
2710 2090 3178 2173 BonaccursuS,
3212 2089 3520 2170 notarius,

653 2214 1026 2289 procurator
1073 2203 1317 2268 domini
1363 2203 1716 2288 Paganelli,
1764 2203 1997 2288 prioris
2047 2204 2317 2268 ecclesie
2350 2214 2571 2268 sancte
2602 2205 2999 2290 ApulinariS,
3043 2216 3108 2272 et
3136 2207 3308 2271 filius
3341 2201 3524 2288 (viel-

653 2318 851 2383 leicht
880 2314 1069 2401 filii‘?)
1110 2319 1265 2384 olim
1311 2319 1554 2383 domini
1599 2319 1789 2384 Borsi
1823 2319 1902 2384 de
1932 2319 2218 2403 Ubertis,
2269 2331 2333 2384 et
2374 2319 2682 2402 Tolosati,
2727 2321 2864 2386 eius
2897 2321 3134 2403 fratriS,
3185 2332 3250 2386 et
3282 2320 3524 2385 domini

653 2434 821 2519 Lapi
843 2433 1257 2518 Maghinardi
1282 2443 1346 2498 et
1368 2433 1680 2517 Federici,
1714 2435 2000 2516 fratrum,
2037 2435 2317 2499 filiorum
2349 2434 2504 2498 olim
2535 2434 2779 2500 domini
2803 2434 3108 2501 Farinate
3133 2435 3214 2501 de
3235 2436 3520 2518 Ubertis,

658 2583 741 2592 —
778 2548 949 2635 quod
996 2550 1121 2634 ipsi
1168 2548 1411 2613 habent
1454 2558 1781 2614 terrenum
1826 2550 1895 2613 in
1939 2550 2175 2635 populo
2225 2549 2430 2614 sancti
2464 2545 2748 2614 Simonis
2795 2550 2962 2615 infra
2993 2574 3208 2617 muros
3242 2553 3524 2616 ciuitatis

655 2664 999 2750 Florentie,
1071 2687 1187 2750 per
1256 2663 1428 2750 quod
1499 2674 1824 2730 terrenum
1889 2663 2064 2728 facta
2129 2673 2194 2728 et
2247 2665 2447 2728 missa
2501 2663 2622 2727 fuit
2667 2675 2730 2728 et
2777 2676 2875 2730 est
2919 2667 3028 2730 uia
3071 2666 3350 2750 publica,
3401 2689 3526 2752 que

656 2780 917 2864 quidem
990 2781 1095 2844 uia
1150 2790 1420 2864 occupat
1478 2779 1556 2843 de
1604 2779 1774 2843 dicto
1822 2787 2075 2843 terreno
2123 2800 2366 2863 panora
2414 2781 2528 2860 113
2603 2812 2691 2820 —
2761 2779 2969 2844 dictus
3016 2791 3390 2865 procurator
3439 2821 3520 2828 -—-

658 2895 982 2981 supplicat
1028 2903 1093 2960 et
1138 2895 1301 2981 petit
1350 2918 1389 2958 a
1433 2893 1640 2977 uobis,
1691 2902 2006 2978 quatenus
2057 2902 2270 2958 uestro
2319 2893 2532 2958 officio
2579 2892 2877 2959 ordinare
2923 2894 3156 2978 uelitis,
3210 2895 3380 2979 quod
3412 2919 3527 2980 per

656 3011 862 3076 bonos
912 3021 975 3074 et
1019 3010 1261 3094 legales
1308 3011 1482 3074 uiros
1533 3008 1777 3073 dictum
1821 3019 2145 3073 terrenum
2193 3017 2256 3073 et
2302 3010 2410 3073 uia
2467 3008 2701 3074 debeat
2757 3009 3056 3074 extimari
3101 3010 3270 3074 iusto
3318 3010 3523 3094 pretio

658 3136 723 3190 et
766 3125 939 3190 facta
978 3125 1391 3190 extimatione
1440 3124 1746 3189 mandare
1787 3133 1851 3188 et
1894 3124 2188 3189 mandari
2229 3125 2440 3190 facere
2473 3126 2822 3189 camerario
2855 3125 3146 3190 comunis
3177 3125 3231 3190 F
3235 3125 3523 3206 lorentie,

659 3251 731 3306 ut
777 3242 947 3305 dicto
994 3242 1391 3326 procuratori
1438 3275 1513 3284 —
1550 3241 1761 3305 soluat
1790 3274 1876 3283 -
1909 3241 2188 3325 pretium
2235 3241 2672 3306 extimationis
2720 3241 2824 3304 uie
2869 3249 2934 3305 et
2979 3242 3216 3305 terreni
3256 3240 3528 3327 predicti

662 3356 1015 3422 secundum
1062 3357 1445 3422 sententiam
1496 3355 1739 3420 domini
1786 3354 2163 3439 cardinalis3
2237 3379 2360 3441 que
2417 3379 2568 3421 uero
2627 3357 2732 3420 uia
2777 3367 2875 3422 est
2917 3357 2987 3423 in
3032 3359 3267 3444 populo
3320 3357 3528 3422 sancti

663 3469 947 3538 Simonis
982 3471 1367 3556 supradicto,
1421 3473 1522 3535 cui
1570 3495 1610 3535 a
1644 3468 1709 3554 1)
1758 3473 1866 3537 uia
1897 3472 1975 3536 de
2010 3471 2382 3554 Torcicoda,
2434 3496 2474 3537 a
2507 3467 2574 3555 3)
2621 3471 2936 3536 dictorum
2967 3471 3358 3537 Ubertorum
3396 3468 3466 3557 (a
3489 3474 3528 3537 2

662 3582 850 3669 fehlt)
897 3599 961 3651 et
1005 3610 1045 3650 a
1075 3582 1145 3669 4)
1192 3596 1377 3671 porta
1422 3583 1799 3652 Ghibellina
1846 3597 1909 3652 et
1954 3611 2117 3672 pons
2167 3599 2315 3652 ante
2363 3587 2604 3652 dictam
2648 3597 2928 3674 portam3
2977 3623 3064 3632 --
3092 3623 3175 3632 -—
3223 3597 3532 3652 statutum

664 3713 763 3768 est
810 3737 894 3749 --
942 3726 1056 3788 per
1102 3701 1377 3766 offitium
1422 3703 1826 3768 dominorum
1859 3700 2392 3782 Quattuordecim
2437 3702 2891 3788 predictorum,
2942 3703 3086 3768 uisa
3115 3713 3178 3768 et
3210 3704 3536 3768 intellecta

664 3819 974 3904 petitione
1019 3818 1325 3902 predicta,
1374 3819 1519 3883 uisa
1564 3819 1755 3882 etiam
1787 3819 1994 3883 forma
2027 3820 2361 3902 sententie,
2413 3819 2592 3884 cuius
2624 3819 2779 3882 facit
2811 3817 2984 3882 dicta
3013 3819 3238 3903 petitio
3271 3819 3530 3899 mentio,

666 3954 791 4018 que
848 3931 1090 3997 dudum
1149 3932 1283 3996 lata
1335 3933 1458 3997 fuit
1511 3956 1625 4019 per
1679 3935 2119 3998 uenerabilem
2174 3945 2447 4020 patrem,
2523 3934 2852 3999 dominum
2897 3933 3162 3997 fratrem
3205 3934 3530 4015 Latinum,

665 4048 1084 4113 Hostiensem
1132 4059 1196 4112 et
1239 4048 1711 4113 Velletrensem
1752 4051 2143 4135 episcopum,
2193 4059 2346 4114 tunc
2375 4050 2658 4134 legatum
2689 4048 3066 4134 Apostolice
3100 4046 3306 4130 Sedis,
3343 4069 3535 4132 super

667 4187 824 4250 pace
871 4163 1250 4229 Guelforum
1296 4175 1360 4227 et
1406 4162 1945 4247 Ghibellinorum,
1986 4199 2062 4210 —
2111 4165 2280 4249 quod
2326 4174 2669 4248 terrenum,
2719 4166 2787 4228 in
2835 4163 3007 4228 dicta
3047 4165 3355 4250 petitione
3389 4185 3534 4226 con-

667 4290 934 4362 tentum,
994 4279 1243 4344 scilicet
1298 4301 1421 4363 que
1476 4288 1541 4343 et
1595 4289 1835 4363 quanta
1880 4301 2030 4363 pars
2079 4288 2178 4343 est
2222 4278 2656 4365 predictorum
2701 4279 3111 4361 Ubertorum,
3163 4279 3395 4342 debeat
3442 4279 3534 4341 in-

568 4373 577 4382 ·
668 4396 874 4460 ueniri
923 4405 986 4458 et
1032 4395 1347 4478 extimari,
1385 4428 1466 4438 —
1510 4395 1679 4480 quod
1728 4417 1995 4459 comune
2040 4394 2095 4459 F
2101 4396 2368 4459 lorentie
2415 4394 2625 4480 decipi
2672 4404 2950 4479 nequeat
2989 4395 3092 4458 uel
3122 4393 3421 4475 fraudari,
3457 4427 3532 4436 —-

672 4545 755 4554 —-
814 4519 877 4573 et
932 4509 1318 4573 facientibus
1375 4508 1565 4574 dictis
1611 4509 1876 4575 Ubertis
1925 4510 2323 4597 solempnem
2368 4509 2761 4575 uenditionis
2810 4519 3054 4574 cartam
3098 4509 3178 4574 de
3223 4510 3365 4594 ipso
3414 4519 3536 4573 ter-

670 4649 843 4709 reno,
896 4659 974 4671 —-
1026 4626 1234 4711 possit
1268 4659 1349 4669 —
1384 4627 1791 4708 camerariuS,
1843 4648 2109 4711 presens
2159 4626 2261 4690 uel
2307 4626 2576 4709 futurus,
2611 4659 2700 4668 —
2741 4625 2921 4689 illam
2968 4625 3393 4709 quantitatem
3432 4647 3538 4710 pe-

853 4853 893 4918 ¹)
932 4851 1034 4904 Ein
1074 4850 1249 4905 Stioro
1286 4850 1594 4905 Fiorentino
1624 4853 1710 4920 (=
1738 4853 1843 4906 525
1884 4850 2317 4920 Quadratmeter)
2356 4871 2422 4906 zu
2461 4854 2529 4906 12
2569 4851 2795 4920 Panem,

930 4939 1014 4992 ein
1055 4937 1269 4993 Panora
1304 4958 1371 4992 zu
1412 4941 1476 4993 12
1512 4939 1780 5010 Pugnora,

932 5027 1017 5080 ein
1056 5025 1309 5097 Pugnora
1347 5046 1413 5080 zu
1453 5028 1519 5080 12
1554 5027 1781 5081 Braccia
1820 5025 2030 5098 quadri,

929 5113 1011 5166 ein
1048 5115 1271 5168 Braccio
1312 5114 1624 5168 Fiorentino
1667 5118 1758 5183 (=
1780 5116 1940 5183 0‚584
1966 5114 2162 5184 Meter)
2203 5115 2411 5169 zersallt
2446 5117 2502 5170 in
2525 5117 2597 5170 20
2621 5113 2800 5180 Soldi;
2839 5114 2925 5167 ein
2951 5113 3118 5170 Soldo
3143 5115 3198 5169 in
3227 5117 3293 5170 12
3316 5113 3532 5170 Denari.

674 5201 886 5270 (Gnidi:
922 5201 1258 5274 Ragguaglio
1302 5202 1442 5256 delle
1478 5211 1709 5272 monete,
1748 5204 1867 5273 pesi
1908 5223 1937 5256 e
1974 5204 2174 5258 misure
2209 5223 2264 5274 p.
2294 5206 2396 5259 184
2435 5205 2568 5260 ediz.
2599 5206 2654 5270 13
2693 5222 2747 5273 p.
2774 5205 2879 5258 299
2918 5203 3053 5258 ediz.
3075 5205 3148 5272 2).
