4009 5859
1798 431 2078 525 141—

422 619 486 672 et
538 608 955 672 renouatione
1011 607 1261 692 indiget
1330 618 1393 671 et
1460 608 1589 672 iam
1651 607 1909 692 incepta
1968 615 2066 670 est
2119 606 2405 690 reparari
2455 615 2518 669 et
2563 606 2856 669 renouari
2908 627 3022 691 pro
3070 605 3312 668 honore

424 733 492 788 et
538 723 902 788 reuerentia
948 723 1192 786 domini
1240 723 1445 787 nostri
1490 722 1651 788 Jesu
1683 719 1929 787 Christi
1978 731 2042 786 et
2086 723 2273 786 beate
2307 721 2516 785 Marie
2564 721 2854 806 uirginis,
2905 721 3129 785 matris
3179 743 3310 803 sue,

427 861 507 903 ac
554 839 750 903 etiam
797 847 1018 902 sancte
1052 837 1371 924 Reparate
1421 839 1693 924 uirginis
1742 849 1805 902 et
1851 838 1933 902 ad
1979 837 2290 902 honorem
2339 848 2402 900 et
2451 837 2643 901 decus
2686 837 2967 901 ciuitatis
3001 847 3063 900 et
3093 837 3313 922 populi

426 955 791 1020 Florentini
839 955 1007 1019 ultra
1050 956 1462 1040 quantitates,
1515 955 1676 1019 alias
1724 955 2056 1018 ordinatas
2105 963 2168 1017 et
2214 954 2552 1018 stantiatas
2608 954 2676 1017 in
2723 953 2848 1018 hiis
2898 953 3175 1039 expendi
3210 952 3314 1016 de-

428 1071 583 1135 bere
630 1092 745 1156 pro
794 1071 1051 1134 comuni
1106 1070 1421 1156 predictO,
1472 1071 1674 1135 libras
1721 1071 1855 1136 400
1884 1069 1927 1135 f.
1962 1091 2046 1155 p.,
2087 1093 2202 1155 per
2245 1069 2586 1133 iamdictos
2621 1069 3008 1133 camerarios
3043 1068 3310 1150 dandae,

430 1185 777 1250 soluendas
833 1196 897 1250 et
943 1187 1369 1272 assignandas
1418 1187 1757 1250 occasione
1811 1186 2102 1271 predicta
2155 1185 2396 1248 Falcho
2453 1185 2530 1248 de
2585 1183 3054 1267 Falchoneriis,
3114 1182 3314 1248 Passe

430 1301 813 1387 Finiguerre
862 1310 925 1365 et
968 1301 1215 1366 Riccho
1276 1303 1380 1366 del
1418 1303 1754 1389 Magistr0‚
1807 1302 2215 1385 officialibus,
2267 1303 2576 1386 operariis
2611 1302 2764 1365 dicti
2800 1302 3013 1388 operis
3046 1301 3315 1365 ecclesie

428 1417 698 1505 prefate,
776 1440 892 1503 per
960 1419 1234 1482 offitium
1304 1419 1711 1483 dominorum
1778 1419 2065 1504 priorum
2135 1418 2366 1482 artium
2424 1427 2487 1482 et
2555 1417 2903 1482 uexilliferi
2951 1418 3192 1482 iustitie
3235 1417 3316 1481 ad

428 1535 648 1619 ipsum
695 1556 854 1619 opus
903 1535 1377 1618 procurandum
1425 1544 1487 1598 et
1532 1535 1673 1599 fieri
1718 1535 2088 1599 faciendum
2135 1534 2356 1598 electis
2405 1556 2520 1620 pro
2569 1535 2826 1598 comuni
2873 1534 3159 1620 predicto
3195 1545 3313 1598 cet.

663 1650 923 1716 Eisdem
978 1675 1144 1715 anno
1193 1665 1250 1718 et
1291 1654 1666 1733 indictione,
1725 1653 1828 1715 die
1882 1657 1969 1716 16
2015 1654 2246 1716 mensis
2297 1651 2680 1737 Septembris
2735 1649 3013 1736 (ProviS.
3049 1673 3104 1714 a.
3140 1673 3196 1714 a.
3235 1647 3313 1714 Ο.

431 1789 498 1853 p.
541 1767 623 1831 72
644 1762 725 1848 a).

659 1884 737 1948 In
817 1885 1087 1950 consilio
1158 1886 1446 1970 generali
1516 1895 1948 1950 trecentorum
2018 1895 2082 1948 et
2149 1884 2416 1971 speciali
2483 1883 2841 1969 nonaginta
2905 1883 3190 1947 uirorum
3255 1891 3320 1946 et

436 2000 883 2084 capitudinum
932 2000 1271 2066 duodecim
1318 2002 1631 2065 maiorum
1679 2001 1914 2065 artium
1960 2001 2253 2065 comunis
2301 1999 2650 2064 Florentie.
2713 2041 2795 2047 —
2867 1995 3073 2085 Super
3119 2022 3318 2085 quan-

435 2116 621 2180 titate
668 2116 979 2181 librarum
1025 2118 1159 2182 400
1202 2117 1245 2180 f.
1279 2139 1361 2201 p.,
1415 2117 1493 2181 de
1542 2117 1745 2202 ipsius
1795 2118 2088 2181 comunis
2138 2117 2413 2203 pecunia
2467 2115 2923 2180 soluendarum
2971 2125 3035 2179 et
3081 2137 3318 2202 expen-

438 2232 665 2297 darum
714 2233 781 2296 in
830 2233 1192 2298 subsidium
1239 2242 1303 2296 et
1348 2256 1463 2318 pro
1512 2233 1803 2298 subsidio
1852 2242 1915 2297 et
1961 2254 2153 2318 opere
2201 2231 2471 2296 ecclesie
2521 2244 2740 2296 sancte
2771 2230 3114 2317 Reparate.

667 2426 773 2492 18.
847 2425 1158 2494 Consulte
1204 2429 1353 2493 filza
1397 2431 1459 2495 4.
1510 2451 1570 2515 p.
1602 2429 1799 2494 lO4a.
1882 2426 2070 2492 Ohne
2101 2426 2364 2512 Datum,
2416 2428 2580 2492 doch
2623 2431 2784 2494 nac-h,
2831 2431 2971 2493 dem
3016 2435 3120 2492 13.
3160 2429 3320 2516 Sep·-

438 2545 671 2609 tember
716 2545 849 2609 und
893 2567 1009 2609 vor
1054 2548 1195 2610 dem
1241 2553 1345 2609 25.
1380 2545 1646 2610 October
1690 2541 2017 2628 (wohl10.
2056 2546 2209 2609 oder
2248 2552 2354 2609 11.
2388 2542 2694 2627 October).

664 2685 745 2750 In
792 2687 1063 2752 consilio
1106 2698 1383 2752 centum.
1438 2723 1517 2731 —
1566 2686 1734 2752 Item
1782 2738 2213 2753 .........
2263 2684 2463 2771 (wohl
2507 2689 2883 2752 bannitores
2932 2688 3176 2753 domini
3219 2711 3319 2752 ca-

438 2803 686 2889 pitanei
720 2797 811 2886 et)
858 2803 1149 2867 comunis
1184 2812 1247 2867 et
1278 2803 1499 2889 populi
1530 2802 1911 2886 Florentini‚
1962 2812 2294 2889 presentes
2343 2813 2406 2866 et
2450 2803 2665 2885 futuri,
2717 2812 3058 2867 teneantur
3105 2813 3167 2867 et
3215 2803 3319 2868 de-

437 2920 639 2983 beant
705 2920 925 2983 banna
993 2919 1409 2984 consiliorum
1480 2929 1543 2983 et
1613 2941 1990 3004 quecunque
2063 2918 2192 2982 alia
2259 2919 2504 3001 banna,
2579 2941 2701 3003 que
2774 2918 2852 2982 de
2923 2929 3133 2983 cetero
3203 2942 3318 3005 pro

440 3036 698 3100 comuni
759 3046 823 3099 et
868 3036 1105 3121 populo
1162 3033 1537 3100 Florentino
1585 3036 1997 3117 bannientur,
2047 3034 2320 3099 bannire
2369 3034 2438 3098 in
2483 3035 2700 3120 platea
2747 3036 2954 3099 sancti
2999 3035 3320 3100 Johannis

440 3150 511 3214 in
558 3151 767 3236 capite
815 3150 919 3213 uie
966 3172 1132 3215 noue
1181 3146 1662 3236 Spadariorum‚
1714 3152 1990 3215 tenendo
2038 3150 2272 3214 faciem
2321 3173 2544 3216 uersus
2593 3151 2804 3237 ipsam
2850 3152 3041 3216 uiam.

668 3268 857 3330 Anno
926 3273 1132 3346 1294,
1211 3269 1555 3332 indictione
1618 3274 1677 3348 8,
1760 3269 1861 3331 die
1929 3274 2010 3330 11
2084 3270 2361 3331 intrante
2413 3289 2620 3330 mense
2681 3266 2970 3331 Octobris
3039 3265 3318 3351 (ProviS.

440 3381 589 3444 filza
634 3381 677 3445 4
721 3403 781 3468 p.
818 3383 973 3465 83a,
1026 3379 1209 3467 Gaye
1256 3382 1289 3445 Ι
1338 3406 1397 3468 p.
1432 3378 1611 3464 426).

662 3496 743 3561 In
790 3498 1062 3562 consilio
1112 3475 1369 3562 centum
1416 3499 1720 3562 uirorum.
1782 3538 1865 3546 —
1920 3496 2086 3561 Item
2136 3521 2328 3584 super
2375 3498 2791 3584 prouidendO,
2852 3498 3211 3563 ordinando
3258 3508 3323 3564 et

439 3613 776 3696 firmand0‚
847 3614 1019 3698 quod
1065 3614 1440 3679 bannitores
1488 3615 1779 3678 comunis
1828 3613 2153 3678 Florentie
2203 3625 2266 3678 et
2312 3614 2556 3679 domini
2613 3615 2950 3700 capitanei,
3001 3624 3134 3678 tam
3182 3638 3322 3701 pre-

442 3738 657 3793 sentes
706 3751 901 3814 quam
947 3729 1161 3811 futuri,
1214 3730 1784 3815 quotienscumque
1832 3738 1896 3793 et
1941 3729 2476 3816 quandocumque
2526 3731 2915 3816 contingerit
2961 3753 3069 3794 eos
3102 3732 3324 3795 banna

440 3844 856 3908 consiliorum
910 3853 973 3908 et
1029 3846 1223 3909 etiam
1278 3846 1407 3909 alia
1450 3846 1669 3909 banna
1715 3867 2113 3930 quecumque
2161 3847 2423 3910 mic-tere
2473 3855 2535 3909 et
2579 3847 2850 3911 bannire
2897 3869 3011 3932 pro
3060 3847 3321 3910 ciuitate

440 3958 787 4043 Florentie,
837 3969 1177 4024 teneantur
1223 3970 1286 4024 et
1333 3960 1611 4025 debeant
1653 3960 1913 4046 proprio
1960 3961 2319 4025 iuramento
2372 3962 2449 4025 de
2498 3971 2710 4025 cetero
2757 3963 2901 4047 ipsa
2929 3962 3148 4026 banna
3177 3961 3320 4026 mit-

440 4085 572 4139 tere
621 4084 684 4138 et
728 4076 1003 4141 bannire
1051 4077 1119 4140 in
1164 4077 1378 4162 platea
1423 4078 1631 4141 sancti
1661 4077 1981 4142 Johannis
2031 4078 2099 4141 in
2147 4077 2356 4163 capite
2403 4078 2506 4141 uie
2554 4101 2718 4141 noue
2752 4073 3211 4162 Spadariorum
3257 4086 3323 4141 et

441 4201 592 4255 tunc
638 4201 857 4255 tenere
907 4192 1199 4276 debeant,
1249 4193 1571 4257 mictendo
1618 4194 1761 4278 ipsa
1806 4194 2041 4276 banna,
2089 4194 2320 4258 faciem
2368 4195 2436 4257 in
2483 4217 2560 4256 ea
2592 4203 2788 4279 parte,
2839 4215 2961 4279 que
2992 4193 3319 4257 bannitori

438 4308 727 4372 bannum
774 4308 1064 4371 mictenti
1114 4308 1438 4373 uidebitur
1482 4309 1845 4391 conuenire,
1898 4319 1961 4372 et
2006 4310 2102 4373 sic
2150 4309 2229 4372 de
2277 4321 2488 4373 cetero
2527 4308 2669 4373 fieri
2725 4319 2788 4373 et
2835 4309 3166 4372 obseruari
3214 4309 3318 4372 de-

440 4423 591 4487 beat
636 4445 750 4508 per
796 4423 1057 4487 eosdem
1105 4432 1223 4488 cet.

667 4608 774 4675 19.
855 4610 1045 4674 Anno
1090 4615 1285 4693 1294,
1335 4612 1678 4674 indictione
1718 4618 1784 4691 8,
1832 4612 1937 4674 die
1981 4617 2022 4673 2
2069 4611 2345 4673 intrante
2387 4631 2594 4674 menae
2631 4608 2990 4674 Decembris
3037 4608 3317 4692 (ProviS.

442 4749 497 4790 a.
534 4749 589 4791 a.
626 4723 703 4790 O.
752 4749 813 4812 p.
851 4728 1044 4809 119a,
1095 4723 1279 4811 Gaye
1324 4723 1361 4788 I
1406 4749 1467 4812 p.
1500 4721 1680 4808 427).

662 4867 741 4932 In
776 4867 1138 4933 subsidium
1170 4877 1233 4931 et
1262 4889 1378 4953 pro
1412 4868 1703 4932 subsidio
1737 4875 1799 4930 et
1830 4888 2020 4951 opere
2055 4866 2323 4930 ecclesie
2357 4876 2576 4930 sancte
2600 4865 2940 4952 Reparate,
2977 4866 3318 4932 catedralis

443 4983 709 5048 ecclesie
758 4984 1039 5048 ciuitatis
1086 4982 1440 5066 Florentie,
1514 5006 1637 5068 que
1706 4983 2110 5068 reparatione
2177 4990 2240 5045 et
2297 4982 2718 5045 renouatione
2774 4982 3022 5066 indiget
3079 4991 3144 5045 et
3187 4983 3319 5047 iam

440 5099 697 5184 incepta
742 5109 841 5164 est
884 5099 1170 5185 reparari
1216 5107 1280 5162 et
1326 5101 1624 5165 renouari
1668 5121 1785 5185 pro
1831 5099 2074 5162 honore
2124 5107 2187 5160 et
2233 5097 2594 5161 reuerentia
2641 5097 2885 5162 domini
2924 5099 3130 5163 nostri
3158 5096 3320 5162 Jesu

446 5209 689 5276 Christi
738 5222 802 5278 et
846 5215 1033 5278 beate
1065 5211 1272 5278 Marie
1322 5214 1611 5300 uirginiS‚
1662 5214 1886 5279 matris
1920 5235 2050 5295 sue,
2103 5234 2176 5276 ac
2210 5213 2405 5277 etiam
2439 5223 2659 5277 sancte
2691 5211 3012 5299 Reparate
3047 5212 3318 5298 uirginis
