4009 5859
2080 397 2209 463 212
2239 487 2353 494 m

689 577 861 665 quod
922 577 1257 644 camerarii
1315 601 1563 643 camere
1622 578 1912 643 comunis
1961 577 2289 643 Florentie
2342 612 2420 621 —-
2471 576 2723 662 possint
2770 611 2853 620 -——
2904 576 3153 642 soluere
3211 576 3581 640 camerariis

690 721 939 762 camere
1011 719 1334 761 armorum
1403 694 1626 780 palatii
1695 694 1915 781 populi
1984 693 2346 759 Florentini
2408 729 2489 738 —
2550 695 2683 758 ‘200
2729 693 3003 758 florenos
3037 692 3140 756 ‚de
3188 715 3360 776 aur0,
3434 715 3581 756 con-

689 814 1035 880 uertendos
1105 823 1170 877 et
1237 836 1352 899 pro
1424 811 1874 876 conuertendis
1945 811 2017 874 in
2092 811 2565 896 reparationem
2634 820 2697 874 et
2764 810 3288 875 fortificationem
3356 809 3580 896 palatii

688 931 1024 1020 antedicti3
1087 931 1196 1017 qui
1254 928 1590 994 camerarii
1641 950 1964 992 armorum
2015 962 2099 972 -—
2150 928 2400 1013 possint
2450 963 2531 972 --
2582 927 2659 990 de
2707 928 2851 1013 ipsa
2896 927 3254 1012 quantitate
3310 926 3581 1012 pecunie

688 1048 1052 1134 expendere
1101 1057 1165 1110 et
1200 1081 1280 1089 --
1316 1046 1566 1112 solue-re
1615 1045 1682 1108 in
1728 1045 2205 1131 reparationem
2252 1055 2315 1110 et
2359 1044 2881 1110 fortificationem
2928 1044 3285 1131 predictam
3314 1084 3394 1091 —
3426 1043 3575 1126 illis,

689 1166 801 1251 qui
847 1173 1187 1251 propterea
1231 1162 1560 1227 debebunt
1607 1162 1889 1248 recipere
1939 1172 2060 1226 cet.

913 1277 1071 1363 (Am
1117 1278 1310 1344 Rand
1367 1279 1596 1343 stehtz'
1638 1277 1765 1342 Pro
1822 1277 2162 1343 reattando
2224 1278 2599 1364 columpnas
2667 1278 2890 1365 palatii
2954 1279 3391 1360 dominornm3
3464 1277 3579 1341 das

688 1400 775 1464 ist
821 1398 957 1463 also
1006 1407 1192 1461 unter
1239 1395 1354 1460 der
1397 1397 1719 1482 reparatio
1769 1405 1832 1460 et
1875 1395 2245 1460 fortificatio
2295 1396 2409 1460 der
2456 1395 2770 1460 Urkunde
2818 1419 2898 1460 zu
2942 1391 3335 1478 verstehen.)

915 1584 1059 1652 113.
1133 1588 1322 1650 Anno
1386 1591 1589 1666 1356,
1661 1587 2009 1649 indictione
2068 1593 2145 1648 10
2162 1635 2180 1666 ,
2255 1587 2356 1648 die
2415 1592 2493 1648 21
2570 1588 2799 1649 mensis
2856 1584 3239 1650 Nouembris
3299 1581 3577 1668 (ProviS.

687 1706 838 1771 filza
882 1707 968 1770 45
1018 1727 1077 1790 p.
1117 1705 1222 1768 la.
1295 1701 1479 1788 Gaye
1527 1701 1562 1766 I
1609 1725 1668 1788 p.
1705 1703 1834 1767 509
1866 1698 1958 1784 f.).

913 1839 1179 1904 Domini
1236 1839 1482 1924 priores
1540 1846 1603 1900 et
1661 1837 2011 1919 uexillifer,
2094 1837 2536 1920 adum-tentes,
2611 1838 2780 1923 quod
2847 1839 3019 1904 circa
3090 1837 3579 1902 translationem

691 1959 962 2025 ecclesie
1019 1957 1225 2024 sancti
1282 1955 1541 2021 Romuli
1611 1954 1689 2018 de.
1748 1955 2082 2020 Florentia
2135 1978 2261 2018 non
2334 1955 2455 2018 fuit
2525 1979 2638 2042 per
2707 1955 3039 2038 offitiales,
3114 1955 3285 2019 circa
3340 1953 3406 2018 id
3462 1975 3576 2040 pro

691 2075 948 2140 comuni
1002 2073 1328 2138 Florentie
1399 2072 1711 2137 hactenus
1769 2072 2137 2158 deputatos,
2213 2072 2399 2137 datus
2459 2073 2753 2156 effectuS,
2827 2080 3019 2159 prout
3073 2071 3338 2137 utilitati
3410 2069 3577 2134 dicte

691 2192 963 2257 ecclesie
1032 2201 1096 2255 et
1160 2191 1411 2255 ornatui
1470 2189 1754 2253 ciuitatis
1815 2187 2143 2253 Florentie
2208 2188 2631 2271 condecebat3
2705 2200 2769 2254 et
2837 2189 3009 2274 quod
3078 2190 3221 2276 ipsa
3284 2187 3574 2269 ecclesia,

690 2319 879 2396 prout
925 2317 1102 2395 patet
1149 2307 1417 2386 notorie,
1470 2307 1724 2370 nouiter
1771 2316 1870 2370 est
1917 2305 2273 2388 destructa3
2324 2317 2389 2370 et
2435 2307 2517 2370 ob
2562 2306 2626 2370 id
2660 2307 2951 2372 uolentes
2984 2308 3157 2371 circa
3186 2328 3328 2371 eam
3358 2328 3579 2370 recon-

691 2426 1064 2492 struendam
1097 2433 1161 2488 et
1193 2425 1331 2489 eius
1365 2424 1900 2510 indempnitatem
1948 2432 2012 2487 et
2052 2433 2501 2488 ornamentum
2544 2424 2825 2488 ciuitatis
2858 2423 2911 2488 F
2917 2423 3187 2488 lorentie
3220 2422 3576 2510 prouidere,

693 2579 774 2587 —
824 2542 1363 2624 deliberauerunt,
1415 2541 1589 2626 quod
1637 2540 2029 2628 infrascripti
2082 2541 2333 2627 prouidi
2384 2541 2533 2624 uiri,
2592 2541 2781 2605 electi
2826 2564 2941 2628 per
2989 2539 3284 2605 dominos
3332 2541 3577 2626 priores

690 2670 754 2724 et
801 2659 1230 2724 uexilliferum
1281 2657 1623 2744 predictOS,
1677 2697 1758 2705 ——-
1818 2658 2263 2743 intelligantur
2332 2681 2473 2723 esse
2533 2671 2597 2722 et
2654 2659 2785 2722 sint
2832 2657 3129 2722 offitiales
3180 2657 3469 2721 comunis
3518 2666 3581 2720 et

691 2787 754 2842 et
800 2799 914 2864 pro
963 2776 1222 2840 comuni
1268 2773 1625 2859 Florentie,
1677 2797 1792 2861 pro
1842 2785 2128 2861 tempore
2178 2785 2241 2839 et
2286 2776 2563 2839 termino
2612 2798 2726 2840 sex
2775 2775 3093 2840 mensium
3140 2784 3576 2856 uenturorum,

688 2893 1232 2980 incipiendorum,
1309 2893 1386 2956 de
1457 2915 1584 2978 quo
1655 2915 1920 2979 presens
1992 2894 2280 2979 prouisio
2348 2894 2604 2958 firmata
2650 2892 2843 2957 fuerit
2900 2901 3018 2956 cet.
3071 2903 3189 2958 cet.

917 3026 984 3112 1.)
1053 3028 1383 3114 Imprimis
1433 3028 1606 3114 quod
1653 3028 1775 3114 ipsi
1827 3027 2126 3092 offitiales
2186 3037 2249 3091 et
2307 3027 2429 3092 due
2488 3037 2701 3114 partes
2752 3051 2998 3111 eorum,
3052 3037 3119 3090 ut
3169 3026 3413 3091 dictum
3462 3037 3577 3108 est,

691 3146 864 3214 circa
917 3145 1379 3231 repositionem
1437 3144 1708 3209 ecclesie
1767 3143 2135 3230 supradicte
2194 3153 2258 3207 et
2314 3145 2724 3230 emptionem,
2798 3143 3238 3229 acceptionem
3287 3153 3351 3208 et
3398 3165 3580 3206 occu-

690 3263 1019 3350 pationem
1051 3262 1385 3328 cuiusdam
1416 3263 1654 3326 terreni
1705 3283 1819 3326 seu
1866 3283 2413 3346 quarumcumque
2450 3263 2783 3326 domorum
2818 3284 2929 3347 pro
2978 3261 3369 3346 repositione
3412 3259 3581 3323 dicte

691 3379 963 3444 ecclesie
1011 3379 1276 3465 eiusque
1337 3390 1712 3442 ornamento
1785 3388 1848 3443 et
1903 3402 2018 3464 pro
2078 3378 2477 3443 habitatione
2536 3359 2825 3444 rectoris·
2863 3378 3151 3443 eiusdem
3200 3377 3471 3441 ecclesie
3520 3386 3585 3439 ct

693 3497 864 3561 circa
911 3496 1323 3579 solutionem,
1398 3495 1906 3560 satisfactionem
1962 3504 2027 3558 et
2083 3495 2588 3580 assignationem
2646 3496 2834 3580 pretii
2893 3495 3210 3559 dictarum
3259 3517 3472 3558 rerum
3520 3503 3585 3556 et

692 3613 866 3676 circa
919 3623 1368 3676 ornamentum
1438 3635 1552 3676 seu
1623 3612 1920 3676 dec-orem
1989 3611 2199 3699 platee
2257 3613 2476 3698 palatii
2541 3612 2949 3677 dominorum
3008 3613 3291 3699 priorum
3362 3611 3579 3699 populi

692 3729 1049 3794 Florentini
1124 3738 1187 3792 et
1243 3729 1371 3792 alia
1426 3728 1714 3813 quelibet
1770 3729 2054 3794 habeant
2102 3739 2165 3793 et
2210 3729 2449 3794 habere
2498 3729 2943 3814 intelligantur
2988 3728 3167 3794 illam
3215 3751 3473 3792 omnem
3520 3737 3584 3790 et

691 3853 894 3909 totam
949 3844 1220 3926 baliam,
1295 3845 1744 3909 auctoritatem
1801 3857 1864 3910 et
1918 3856 2301 3932 potest-atem
2351 3855 2413 3910 et
2460 3855 2664 3911 totum
2712 3848 3016 3930 offitium,
3092 3869 3213 3933 que
3270 3845 3582 3909 hactenus

690 3961 1055 4026 habuerunt
1101 3961 1142 4026 5
1189 3960 1300 4026 alii
1349 3961 1668 4045 offitialeS,
1725 3997 1808 4007 —
1855 3985 1970 4048 per
2019 3961 2259 4026 dictum
2295 3987 2565 4027 comune
2606 3963 2787 4028 electi
2842 3965 3015 4028 circa
3056 3962 3579 4044 destructionem,

691 4077 1208 4162 translationem,
1281 4077 1804 4143 hedificationem
1874 4102 1989 4144 seu
2058 4080 2518 4165 repositione-m
2587 4080 2856 4146 ecclesie
2924 4090 3273 4146 memorate
3336 4093 3400 4145 et
3456 4080 3585 4144 alia

693 4194 1146 4280 dependentia,
1198 4231 1280 4240 -—
1333 4232 1414 4239 -—
1473 4195 1555 4260 ad
1610 4195 1978 4260 faciendum
2051 4197 2289 4260 dictam
2358 4197 2640 4283 plateam
2709 4221 2823 4263 seu
2894 4199 3065 4262 circa
3136 4197 3431 4262 decorem
3480 4195 3583 4261 uel

692 4323 1142 4376 ornamentum
1188 4311 1503 4394 eiusdem3
1555 4321 1619 4377 et
1666 4314 1929 4398 insuper
1961 4314 2169 4399 ipsam
2202 4314 2543 4378 ecclesiam
2576 4314 2978 4380 rehedificari
3015 4325 3079 4379 et
3108 4315 3331 4402 reponi
3371 4315 3582 4378 facere

690 4427 944 4514 possint
990 4437 1054 4491 et
1101 4427 1379 4493 debeant
1425 4429 1491 4492 in
1538 4430 1885 4493 terminum
1933 4429 2346 4513 antedictum,
2402 4431 2527 4514 ubi,
2580 4431 2899 4517 quomodo
2934 4441 2998 4496 et
3029 4432 3287 4517 quando
3337 4433 3430 4496 eis
3471 4455 3583 4495 seu

693 4545 942 4609 duabus
1001 4545 1291 4630 partibus
1349 4569 1602 4629 eorum,
1679 4555 1746 4609 ut
1804 4545 2046 4610 dictum
2102 4557 2225 4630 est,
2301 4546 2584 4633 placebit
2648 4584 2720 4591 -—
2775 4549 2943 4613 infra
3013 4550 3294 4614 confinia
3363 4550 3581 4637 populi

693 4663 964 4727 ecclesie
1011 4661 1363 4745 antedicte3
1407 4698 1482 4706 —-
1525 4697 1603 4705 —-
1641 4663 1974 4726 camerarii
2023 4685 2277 4749 quoque
2326 4687 2576 4730 camere
2624 4667 2916 4731 comunis
2949 4665 3279 4732 Florentie
3312 4668 3581 4754 possint,

692 4787 1033 4843 teneantur
1080 4789 1143 4842 et
1192 4777 1468 4844 debeant
1516 4778 1667 4843 dare
1729 4779 1920 4844 dictis
1981 4779 2359 4845 offitialibus
2422 4803 2535 4845 seu
2591 4805 2809 4847 eorum
2867 4785 3219 4848 camerario
3285 4783 3364 4848 de
3431 4806 3583 4869 qua-

694 4917 966 4980 cumque
1025 4895 1298 4980 pecunia
1355 4896 1512 4960 dicti
1570 4896 1861 4960 comunis
1914 4931 1994 4941 --
2053 4919 2167 4982 pro
2225 4897 2532 4983 predictis
2590 4901 2891 4984 expensis
2946 4901 3198 4985 fiendis,
3274 4910 3586 4986 quantum

694 5010 892 5074 semel
964 5033 1076 5074 seu
1137 5011 1378 5097 pluries
1453 5023 1515 5078 et
1575 5015 2152 5100 quotienscumque
2205 5015 2400 5078 fue-rit
2458 5017 2787 5101 prouisum
2836 5040 2949 5104 per
2996 5017 3291 5084 dominos
3338 5020 3584 5105 priores

693 5127 928 5190 artium
985 5138 1048 5190 et
1103 5128 1533 5194 uexilliferum
1590 5131 1835 5196 iustitie
1885 5141 1948 5195 et
2003 5132 2081 5196 12
2130 5132 2335 5196 bonos
2394 5132 2599 5216 uir0s3
2672 5134 2826 5197 item
2884 5133 3054 5219 quod
3110 5135 3235 5220 ipsi
3286 5134 3586 5200 offitiales

697 5277 778 5286 -—-
829 5243 1103 5308 debeant.
1153 5247 1521 5330 perquirere
1571 5258 1634 5312 et
1686 5284 1767 5292 —
1817 5248 2143 5313 declarare
2201 5273 2388 5312 omne
2446 5261 2797 5331 terrenum,
2872 5251 3045 5335 quod
3101 5275 3245 5316 esse
3294 5252 3582 5317 dicerent
