<?xml version="1.0" encoding="UTF-8"?>
<!DOCTYPE html PUBLIC "-//W3C//DTD XHTML 1.0 Transitional//EN"
    "http://www.w3.org/TR/xhtml1/DTD/xhtml1-transitional.dtd">
<html xmlns="http://www.w3.org/1999/xhtml" xml:lang="en" lang="en">
 <head>
  <title>
</title>
<meta http-equiv="Content-Type" content="text/html;charset=utf-8" />
  <meta name='ocr-system' content='tesseract 3.04.00' />
  <meta name='ocr-capabilities' content='ocr_page ocr_carea ocr_par ocr_line ocrx_word'/>
</head>
<body>
  <div class='ocr_page' id='page_1' title='image "./dieloggiadeilan00unkngoog_0302.png"; bbox 0 0 4009 5859; ppageno 0'>
   <div class='ocr_carea' id='block_1_1' title="bbox 2070 405 2201 473">
    <p class='ocr_par' dir='ltr' id='par_1_1' title="bbox 2070 405 2201 473">
     <span class='ocr_line' id='line_1_1' title="bbox 2070 405 2201 473; baseline 0.015 -2"><span class='ocrx_word' id='word_1_1' title='bbox 2070 405 2201 473; x_wconf 80' lang='lat'><strong>286</strong></span> 
     </span>
    </p>
   </div>
   <div class='ocr_carea' id='block_1_2' title="bbox 1919 497 2345 504">
    <p class='ocr_par' dir='ltr' id='par_1_2' title="bbox 1919 497 2345 504">
     <span class='ocr_line' id='line_1_2' title="bbox 1919 497 2345 504; baseline 0 5355"><span class='ocrx_word' id='word_1_2' title='bbox 1919 497 2345 504; x_wconf 95' lang='lat' dir='ltr'><strong> </strong></span> 
     </span>
    </p>
   </div>
   <div class='ocr_carea' id='block_1_3' title="bbox 687 581 3573 1371">
    <p class='ocr_par' dir='ltr' id='par_1_3' title="bbox 687 581 3570 789">
     <span class='ocr_line' id='line_1_3' title="bbox 690 581 3570 669; baseline -0 -19"><span class='ocrx_word' id='word_1_3' title='bbox 690 586 768 651; x_wconf 92' lang='lat' dir='ltr'><strong>de</strong></span> <span class='ocrx_word' id='word_1_4' title='bbox 817 586 1106 668; x_wconf 90' lang='lat' dir='ltr'><strong>consili0,</strong></span> <span class='ocrx_word' id='word_1_5' title='bbox 1158 607 1478 650; x_wconf 89' lang='lat' dir='ltr'><strong>consensu</strong></span> <span class='ocrx_word' id='word_1_6' title='bbox 1524 595 1590 649; x_wconf 89' lang='lat' dir='ltr'><strong>et</strong></span> <span class='ocrx_word' id='word_1_7' title='bbox 1637 585 1966 649; x_wconf 81' lang='lat' dir='ltr'><strong>uoluntate</strong></span> <span class='ocrx_word' id='word_1_8' title='bbox 2008 585 2212 649; x_wconf 88' lang='lat' dir='ltr'><strong>Benci</strong></span> <span class='ocrx_word' id='word_1_9' title='bbox 2246 582 2493 669; x_wconf 87' lang='lat' dir='ltr'><strong>Cionis,</strong></span> <span class='ocrx_word' id='word_1_10' title='bbox 2544 581 2830 650; x_wconf 86' lang='lat' dir='ltr'>Simonis</span> <span class='ocrx_word' id='word_1_11' title='bbox 2863 585 3195 650; x_wconf 80' lang='lat' dir='ltr'><strong>Francisci</strong></span> <span class='ocrx_word' id='word_1_12' title='bbox 3228 597 3291 650; x_wconf 89' lang='lat' dir='ltr'><strong>et</strong></span> <span class='ocrx_word' id='word_1_13' title='bbox 3322 585 3570 650; x_wconf 76' lang='lat' dir='ltr'><strong>Taddei</strong></span> 
     </span>
     <span class='ocr_line' id='line_1_4' title="bbox 687 699 2153 789; baseline -0.001 -22"><span class='ocrx_word' id='word_1_14' title='bbox 687 702 951 787; x_wconf 89' lang='lat' dir='ltr'><strong>Ristori‚</strong></span> <span class='ocrx_word' id='word_1_15' title='bbox 1003 702 1669 789; x_wconf 79' lang='lat' dir='ltr'><strong>capudmagistrorum</strong></span> <span class='ocrx_word' id='word_1_16' title='bbox 1715 699 1870 765; x_wconf 91' lang='lat' dir='ltr'><strong>dicti</strong></span> <span class='ocrx_word' id='word_1_17' title='bbox 1919 700 2153 787; x_wconf 88' lang='lat' dir='ltr'><strong>operis.</strong></span> 
     </span>
    </p>

    <p class='ocr_par' dir='ltr' id='par_1_4' title="bbox 687 817 3573 1371">
     <span class='ocr_line' id='line_1_5' title="bbox 909 817 3569 905; baseline 0 -23"><span class='ocrx_word' id='word_1_18' title='bbox 909 817 1080 885; x_wconf 90' lang='lat' dir='ltr'><strong>Item</strong></span> <span class='ocrx_word' id='word_1_19' title='bbox 1148 820 1319 905; x_wconf 91' lang='lat' dir='ltr'><strong>quod</strong></span> <span class='ocrx_word' id='word_1_20' title='bbox 1389 819 1776 884; x_wconf 83' lang='lat' dir='ltr'><strong>camerarius</strong></span> <span class='ocrx_word' id='word_1_21' title='bbox 1833 817 1990 882; x_wconf 91' lang='lat' dir='ltr'><strong>dicti</strong></span> <span class='ocrx_word' id='word_1_22' title='bbox 2049 818 2261 904; x_wconf 88' lang='lat' dir='ltr'><strong>operis</strong></span> <span class='ocrx_word' id='word_1_23' title='bbox 2321 827 2542 884; x_wconf 80' lang='lat' dir='ltr'><strong>sancte</strong></span> <span class='ocrx_word' id='word_1_24' title='bbox 2587 818 2909 904; x_wconf 82' lang='lat' dir='ltr'><strong>Reparate</strong></span> <span class='ocrx_word' id='word_1_25' title='bbox 2956 818 3167 884; x_wconf 80' lang='lat' dir='ltr'><strong>soluat</strong></span> <span class='ocrx_word' id='word_1_26' title='bbox 3214 829 3331 884; x_wconf 91' lang='lat' dir='ltr'><strong>cet.</strong></span> <span class='ocrx_word' id='word_1_27' title='bbox 3379 817 3569 884; x_wconf 88' lang='lat' dir='ltr'><strong>Piero</strong></span> 
     </span>
     <span class='ocr_line' id='line_1_6' title="bbox 689 935 3571 1022; baseline 0 -23"><span class='ocrx_word' id='word_1_28' title='bbox 689 936 928 1019; x_wconf 76' lang='lat' dir='ltr'><strong>Alcati,</strong></span> <span class='ocrx_word' id='word_1_29' title='bbox 1002 935 1325 1000; x_wconf 80' lang='lat' dir='ltr'><strong>manouali</strong></span> <span class='ocrx_word' id='word_1_30' title='bbox 1387 935 1543 1000; x_wconf 67' lang='lat' dir='ltr'><strong>dicti⁴</strong></span> <span class='ocrx_word' id='word_1_31' title='bbox 1601 936 1812 1021; x_wconf 88' lang='lat' dir='ltr'><strong>operis</strong></span> <span class='ocrx_word' id='word_1_32' title='bbox 1871 936 2061 1020; x_wconf 82' lang='lat' dir='ltr'>logie,</span> <span class='ocrx_word' id='word_1_33' title='bbox 2132 958 2247 1021; x_wconf 87' lang='lat' dir='ltr'><strong>pro</strong></span> <span class='ocrx_word' id='word_1_34' title='bbox 2296 937 2599 1022; x_wconf 82' lang='lat' dir='ltr'><strong>expensis</strong></span> <span class='ocrx_word' id='word_1_35' title='bbox 2648 936 3193 1020; x_wconf 81' lang='lat' dir='ltr'><strong>extraordinariis,</strong></span> <span class='ocrx_word' id='word_1_36' title='bbox 3265 959 3379 1022; x_wconf 87' lang='lat' dir='ltr'><strong>per</strong></span> <span class='ocrx_word' id='word_1_37' title='bbox 3425 959 3571 1000; x_wconf 89' lang='lat' dir='ltr'><strong>eum</strong></span> 
     </span>
     <span class='ocr_line' id='line_1_7' title="bbox 687 1051 3570 1140; baseline 0.001 -25"><span class='ocrx_word' id='word_1_38' title='bbox 687 1051 879 1118; x_wconf 83' lang='lat' dir='ltr'><strong>factis</strong></span> <span class='ocrx_word' id='word_1_39' title='bbox 929 1052 1008 1117; x_wconf 91' lang='lat' dir='ltr'><strong>de</strong></span> <span class='ocrx_word' id='word_1_40' title='bbox 1055 1052 1361 1117; x_wconf 84' lang='lat' dir='ltr'><strong>mandato</strong></span> <span class='ocrx_word' id='word_1_41' title='bbox 1409 1052 1728 1118; x_wconf 89' lang='lat' dir='ltr'><strong>dictorum</strong></span> <span class='ocrx_word' id='word_1_42' title='bbox 1775 1053 2212 1139; x_wconf 85' lang='lat' dir='ltr'><strong>operariorum</strong></span> <span class='ocrx_word' id='word_1_43' title='bbox 2258 1055 2324 1117; x_wconf 91' lang='lat' dir='ltr'><strong>in</strong></span> <span class='ocrx_word' id='word_1_44' title='bbox 2375 1054 2638 1118; x_wconf 89' lang='lat' dir='ltr'><strong>seruitio</strong></span> <span class='ocrx_word' id='word_1_45' title='bbox 2687 1053 2843 1117; x_wconf 84' lang='lat' dir='ltr'><strong>dicti</strong></span> <span class='ocrx_word' id='word_1_46' title='bbox 2877 1054 3088 1140; x_wconf 88' lang='lat' dir='ltr'><strong>operis</strong></span> <span class='ocrx_word' id='word_1_47' title='bbox 3121 1053 3292 1138; x_wconf 89' lang='lat' dir='ltr'><strong>logie</strong></span> <span class='ocrx_word' id='word_1_48' title='bbox 3322 1055 3391 1118; x_wconf 90' lang='lat' dir='ltr'><strong>in</strong></span> <span class='ocrx_word' id='word_1_49' title='bbox 3424 1054 3570 1119; x_wconf 94' lang='lat' dir='ltr'><strong>doc-</strong></span> 
     </span>
     <span class='ocr_line' id='line_1_8' title="bbox 693 1169 3573 1257; baseline 0 -24"><span class='ocrx_word' id='word_1_50' title='bbox 693 1169 988 1235; x_wconf 87' lang='lat' dir='ltr'><strong>cionibus</strong></span> <span class='ocrx_word' id='word_1_51' title='bbox 1036 1178 1100 1234; x_wconf 89' lang='lat' dir='ltr'><strong>et</strong></span> <span class='ocrx_word' id='word_1_52' title='bbox 1145 1170 1451 1254; x_wconf 80' lang='lat' dir='ltr'><strong>granatiS,</strong></span> <span class='ocrx_word' id='word_1_53' title='bbox 1500 1193 1630 1234; x_wconf 82' lang='lat' dir='ltr'><strong>una</strong></span> <span class='ocrx_word' id='word_1_54' title='bbox 1677 1170 1898 1234; x_wconf 82' lang='lat' dir='ltr'><strong>tabula</strong></span> <span class='ocrx_word' id='word_1_55' title='bbox 1943 1170 2151 1256; x_wconf 90' lang='lat' dir='ltr'><strong>gessis</strong></span> <span class='ocrx_word' id='word_1_56' title='bbox 2200 1181 2263 1234; x_wconf 88' lang='lat' dir='ltr'><strong>et</strong></span> <span class='ocrx_word' id='word_1_57' title='bbox 2310 1170 2455 1235; x_wconf 85' lang='lat' dir='ltr'><strong>aliis</strong></span> <span class='ocrx_word' id='word_1_58' title='bbox 2496 1171 2710 1254; x_wconf 90' lang='lat' dir='ltr'><strong>rebus,</strong></span> <span class='ocrx_word' id='word_1_59' title='bbox 2760 1170 2921 1236; x_wconf 90' lang='lat' dir='ltr'><strong>uisis</strong></span> <span class='ocrx_word' id='word_1_60' title='bbox 2968 1180 3033 1236; x_wconf 91' lang='lat' dir='ltr'><strong>et</strong></span> <span class='ocrx_word' id='word_1_61' title='bbox 3080 1170 3409 1235; x_wconf 80' lang='lat' dir='ltr'><strong>calculatis</strong></span> <span class='ocrx_word' id='word_1_62' title='bbox 3456 1193 3573 1257; x_wconf 88' lang='lat' dir='ltr'><strong>per</strong></span> 
     </span>
     <span class='ocr_line' id='line_1_9' title="bbox 692 1286 2820 1371; baseline 0.001 -20"><span class='ocrx_word' id='word_1_63' title='bbox 692 1308 821 1370; x_wconf 89' lang='lat' dir='ltr'><strong>eos,</strong></span> <span class='ocrx_word' id='word_1_64' title='bbox 871 1287 940 1351; x_wconf 92' lang='lat' dir='ltr'><strong>in</strong></span> <span class='ocrx_word' id='word_1_65' title='bbox 988 1310 1240 1352; x_wconf 84' lang='lat' dir='ltr'><strong>summa</strong></span> <span class='ocrx_word' id='word_1_66' title='bbox 1285 1286 1519 1352; x_wconf 88' lang='lat' dir='ltr'><strong>libram</strong></span> <span class='ocrx_word' id='word_1_67' title='bbox 1566 1310 1778 1370; x_wconf 81' lang='lat' dir='ltr'><strong>unam,</strong></span> <span class='ocrx_word' id='word_1_68' title='bbox 1831 1286 2072 1353; x_wconf 90' lang='lat' dir='ltr'><strong>solidos</strong></span> <span class='ocrx_word' id='word_1_69' title='bbox 2122 1297 2284 1371; x_wconf 89' lang='lat' dir='ltr'><strong>oct0‚</strong></span> <span class='ocrx_word' id='word_1_70' title='bbox 2336 1287 2636 1354; x_wconf 81' lang='lat' dir='ltr'><strong>denarios</strong></span> <span class='ocrx_word' id='word_1_71' title='bbox 2685 1311 2820 1353; x_wconf 88' lang='lat' dir='ltr'><strong>sex.</strong></span> 
     </span>
    </p>
   </div>
   <div class='ocr_carea' id='block_1_4' title="bbox 911 1453 2467 1546">
    <p class='ocr_par' dir='ltr' id='par_1_5' title="bbox 911 1453 2467 1546">
     <span class='ocr_line' id='line_1_10' title="bbox 911 1453 2467 1546; baseline 0.003 -27"><span class='ocrx_word' id='word_1_72' title='bbox 911 1455 974 1520; x_wconf 82' lang='grc'><strong>7.</strong></span> <span class='ocrx_word' id='word_1_73' title='bbox 1046 1458 1176 1521; x_wconf 81' lang='lat' dir='ltr'><strong>Die</strong></span> <span class='ocrx_word' id='word_1_74' title='bbox 1222 1455 1507 1522; x_wconf 87' lang='lat' dir='ltr'><em>XXVII</em></span> <span class='ocrx_word' id='word_1_75' title='bbox 1543 1458 1857 1523; x_wconf 73' lang='lat' dir='ltr'><strong>Januarii</strong></span> <span class='ocrx_word' id='word_1_76' title='bbox 1897 1453 1982 1542; x_wconf 84' lang='lat' dir='ltr'><strong>(a.</strong></span> <span class='ocrx_word' id='word_1_77' title='bbox 2018 1481 2076 1523; x_wconf 84' lang='lat' dir='ltr'><strong>a.</strong></span> <span class='ocrx_word' id='word_1_78' title='bbox 2112 1455 2190 1523; x_wconf 91' lang='grc' dir='ltr'><strong>Ο.</strong></span> <span class='ocrx_word' id='word_1_79' title='bbox 2241 1481 2301 1546; x_wconf 82' lang='grc' dir='ltr'><strong>Ρ.</strong></span> <span class='ocrx_word' id='word_1_80' title='bbox 2331 1454 2467 1543; x_wconf 76' lang='lat' dir='ltr'>Ga).</span> 
     </span>
    </p>
   </div>
   <div class='ocr_carea' id='block_1_5' title="bbox 693 1588 3573 1796">
    <p class='ocr_par' dir='ltr' id='par_1_6' title="bbox 693 1588 3573 1796">
     <span class='ocr_line' id='line_1_11' title="bbox 917 1588 3571 1678; baseline -0.001 -21"><span class='ocrx_word' id='word_1_81' title='bbox 917 1589 1328 1658; x_wconf 84' lang='lat' dir='ltr'><strong>Camerarius</strong></span> <span class='ocrx_word' id='word_1_82' title='bbox 1375 1591 1588 1678; x_wconf 86' lang='lat' dir='ltr'><strong>operis</strong></span> <span class='ocrx_word' id='word_1_83' title='bbox 1636 1603 1858 1658; x_wconf 82' lang='lat' dir='ltr'><strong>sancte</strong></span> <span class='ocrx_word' id='word_1_84' title='bbox 1905 1591 2225 1678; x_wconf 81' lang='lat' dir='ltr'><strong>Reparate</strong></span> <span class='ocrx_word' id='word_1_85' title='bbox 2276 1628 2357 1636; x_wconf 91' lang='grc'>-</span> <span class='ocrx_word' id='word_1_86' title='bbox 2409 1593 2620 1657; x_wconf 84' lang='lat' dir='ltr'><strong>soluat</strong></span> <span class='ocrx_word' id='word_1_87' title='bbox 2652 1589 2902 1657; x_wconf 89' lang='lat' dir='ltr'><strong>Simoni</strong></span> <span class='ocrx_word' id='word_1_88' title='bbox 2936 1588 3221 1656; x_wconf 82' lang='lat' dir='ltr'><strong>Chellini</strong></span> <span class='ocrx_word' id='word_1_89' title='bbox 3253 1590 3358 1656; x_wconf 91' lang='lat' dir='ltr'><strong>del</strong></span> <span class='ocrx_word' id='word_1_90' title='bbox 3388 1591 3571 1655; x_wconf 89' lang='lat' dir='ltr'><strong>Mon-</strong></span> 
     </span>
     <span class='ocr_line' id='line_1_12' title="bbox 693 1706 3573 1796; baseline -0 -25"><span class='ocrx_word' id='word_1_91' title='bbox 693 1707 819 1771; x_wconf 87' lang='lat' dir='ltr'><strong>tale</strong></span> <span class='ocrx_word' id='word_1_92' title='bbox 869 1706 947 1772; x_wconf 90' lang='lat' dir='ltr'><strong>de</strong></span> <span class='ocrx_word' id='word_1_93' title='bbox 993 1707 1427 1773; x_wconf 90' lang='lat' dir='ltr'><strong>Montemurlo</strong></span> <span class='ocrx_word' id='word_1_94' title='bbox 1483 1731 1598 1795; x_wconf 93' lang='lat' dir='ltr'><strong>pro</strong></span> <span class='ocrx_word' id='word_1_95' title='bbox 1655 1709 1860 1795; x_wconf 87' lang='lat' dir='ltr'><strong>pretio</strong></span> <span class='ocrx_word' id='word_1_96' title='bbox 1919 1710 2303 1792; x_wconf 86' lang='lat' dir='ltr'><strong>carbonum,</strong></span> <span class='ocrx_word' id='word_1_97' title='bbox 2376 1731 2491 1796; x_wconf 90' lang='lat' dir='ltr'><strong>per</strong></span> <span class='ocrx_word' id='word_1_98' title='bbox 2545 1710 2759 1795; x_wconf 90' lang='lat' dir='ltr'><strong>ipsum</strong></span> <span class='ocrx_word' id='word_1_99' title='bbox 2807 1708 3163 1773; x_wconf 88' lang='lat' dir='ltr'><strong>dandorum</strong></span> <span class='ocrx_word' id='word_1_100' title='bbox 3210 1708 3406 1794; x_wconf 88' lang='lat' dir='ltr'><strong>operi,</strong></span> <span class='ocrx_word' id='word_1_101' title='bbox 3456 1729 3573 1793; x_wconf 92' lang='lat' dir='ltr'><strong>pro</strong></span> 
     </span>
    </p>
   </div>
   <div class='ocr_carea' id='block_1_6' title="bbox 692 1823 3574 2026">
    <p class='ocr_par' dir='ltr' id='par_1_7' title="bbox 692 1823 3574 2026">
     <span class='ocr_line' id='line_1_13' title="bbox 692 1823 3574 1912; baseline -0 -25"><span class='ocrx_word' id='word_1_102' title='bbox 692 1823 1090 1888; x_wconf 88' lang='lat' dir='ltr'><strong>conficiendo</strong></span> <span class='ocrx_word' id='word_1_103' title='bbox 1155 1835 1419 1909; x_wconf 80' lang='lat' dir='ltr'><strong>stangas</strong></span> <span class='ocrx_word' id='word_1_104' title='bbox 1488 1824 1658 1910; x_wconf 87' lang='lat' dir='ltr'><strong>logie</strong></span> <span class='ocrx_word' id='word_1_105' title='bbox 1727 1836 1791 1891; x_wconf 92' lang='lat' dir='ltr'><strong>et</strong></span> <span class='ocrx_word' id='word_1_106' title='bbox 1845 1826 1987 1890; x_wconf 82' lang='lat' dir='ltr'><strong>-alia</strong></span> <span class='ocrx_word' id='word_1_107' title='bbox 2054 1827 2443 1892; x_wconf 79' lang='lat' dir='ltr'><strong>ferramenta</strong></span> <span class='ocrx_word' id='word_1_108' title='bbox 2512 1825 2669 1890; x_wconf 90' lang='lat' dir='ltr'><strong>dicti</strong></span> <span class='ocrx_word' id='word_1_109' title='bbox 2736 1826 2947 1912; x_wconf 87' lang='lat' dir='ltr'><strong>operis</strong></span> <span class='ocrx_word' id='word_1_110' title='bbox 3004 1824 3173 1909; x_wconf 88' lang='lat' dir='ltr'><strong>logie</strong></span> <span class='ocrx_word' id='word_1_111' title='bbox 3231 1834 3296 1887; x_wconf 90' lang='lat' dir='ltr'><strong>et</strong></span> <span class='ocrx_word' id='word_1_112' title='bbox 3353 1833 3574 1889; x_wconf 82' lang='lat' dir='ltr'><strong>sancte</strong></span> 
     </span>
     <span class='ocr_line' id='line_1_14' title="bbox 692 1938 1036 2026; baseline 0.006 -22"><span class='ocrx_word' id='word_1_113' title='bbox 692 1938 1036 2026; x_wconf 85' lang='lat' dir='ltr'><strong>Reparate.</strong></span> 
     </span>
    </p>
   </div>
   <div class='ocr_carea' id='block_1_7' title="bbox 918 2109 2476 2201">
    <p class='ocr_par' dir='ltr' id='par_1_8' title="bbox 918 2109 2476 2201">
     <span class='ocr_line' id='line_1_15' title="bbox 918 2109 2476 2201; baseline 0.002 -26"><span class='ocrx_word' id='word_1_114' title='bbox 918 2109 987 2175; x_wconf 86' lang='lat'><strong>8.</strong></span> <span class='ocrx_word' id='word_1_115' title='bbox 1058 2113 1188 2177; x_wconf 77' lang='lat' dir='ltr'><strong>Die</strong></span> <span class='ocrx_word' id='word_1_116' title='bbox 1235 2126 1461 2199; x_wconf 81' lang='lat' dir='ltr'><strong>quarto</strong></span> <span class='ocrx_word' id='word_1_117' title='bbox 1507 2113 1850 2178; x_wconf 63' lang='lat' dir='ltr'><strong>Februarii</strong></span> <span class='ocrx_word' id='word_1_118' title='bbox 1891 2110 1975 2199; x_wconf 84' lang='lat' dir='ltr'><strong>(a.</strong></span> <span class='ocrx_word' id='word_1_119' title='bbox 2012 2137 2069 2178; x_wconf 80' lang='lat' dir='ltr'><strong>a.</strong></span> <span class='ocrx_word' id='word_1_120' title='bbox 2105 2113 2184 2179; x_wconf 90' lang='lat' dir='ltr'><strong>O.</strong></span> <span class='ocrx_word' id='word_1_121' title='bbox 2234 2137 2294 2201; x_wconf 90' lang='lat' dir='ltr'><strong>p.</strong></span> <span class='ocrx_word' id='word_1_122' title='bbox 2330 2109 2476 2197; x_wconf 85' lang='lat' dir='ltr'><strong>6b).</strong></span> 
     </span>
    </p>
   </div>
   <div class='ocr_carea' id='block_1_8' title="bbox 693 2245 3578 2567">
    <p class='ocr_par' dir='ltr' id='par_1_9' title="bbox 693 2245 3578 2567">
     <span class='ocr_line' id='line_1_16' title="bbox 918 2245 3575 2336; baseline -0.001 -24"><span class='ocrx_word' id='word_1_123' title='bbox 918 2247 1082 2313; x_wconf 84' lang='lat' dir='ltr'><strong>Item</strong></span> <span class='ocrx_word' id='word_1_124' title='bbox 1135 2249 1306 2334; x_wconf 92' lang='lat' dir='ltr'><strong>quod</strong></span> <span class='ocrx_word' id='word_1_125' title='bbox 1355 2250 1744 2315; x_wconf 83' lang='lat' dir='ltr'><strong>camerarius</strong></span> <span class='ocrx_word' id='word_1_126' title='bbox 1795 2248 2124 2336; x_wconf 87' lang='lat' dir='ltr'><strong>predictus</strong></span> <span class='ocrx_word' id='word_1_127' title='bbox 2172 2249 2384 2314; x_wconf 83' lang='lat' dir='ltr'><strong>soluat</strong></span> <span class='ocrx_word' id='word_1_128' title='bbox 2428 2248 2745 2312; x_wconf 79' lang='lat' dir='ltr'><strong>Nicholao</strong></span> <span class='ocrx_word' id='word_1_129' title='bbox 2780 2245 2955 2331; x_wconf 88' lang='lat' dir='ltr'><strong>Geri,</strong></span> <span class='ocrx_word' id='word_1_130' title='bbox 3006 2249 3207 2331; x_wconf 85' lang='lat' dir='ltr'><strong>fabro,</strong></span> <span class='ocrx_word' id='word_1_131' title='bbox 3258 2247 3337 2312; x_wconf 92' lang='lat' dir='ltr'><strong>de</strong></span> <span class='ocrx_word' id='word_1_132' title='bbox 3368 2246 3575 2332; x_wconf 89' lang='lat' dir='ltr'><strong>pretio</strong></span> 
     </span>
     <span class='ocr_line' id='line_1_17' title="bbox 693 2362 3578 2451; baseline 0 -25"><span class='ocrx_word' id='word_1_133' title='bbox 693 2362 846 2427; x_wconf 88' lang='lat' dir='ltr'><strong>ferri</strong></span> <span class='ocrx_word' id='word_1_134' title='bbox 891 2385 1006 2450; x_wconf 91' lang='lat' dir='ltr'><strong>pro</strong></span> <span class='ocrx_word' id='word_1_135' title='bbox 1055 2365 1350 2431; x_wconf 88' lang='lat' dir='ltr'><strong>modonis</strong></span> <span class='ocrx_word' id='word_1_136' title='bbox 1400 2367 1770 2431; x_wconf 75' lang='lat' dir='ltr'><strong>colonatum</strong></span> <span class='ocrx_word' id='word_1_137' title='bbox 1816 2365 2005 2450; x_wconf 84' lang='lat' dir='ltr'><strong>logie,</strong></span> <span class='ocrx_word' id='word_1_138' title='bbox 2058 2365 2226 2430; x_wconf 84' lang='lat' dir='ltr'><strong>datis</strong></span> <span class='ocrx_word' id='word_1_139' title='bbox 2282 2365 2477 2451; x_wconf 89' lang='lat' dir='ltr'><strong>operi,</strong></span> <span class='ocrx_word' id='word_1_140' title='bbox 2530 2364 2611 2428; x_wconf 85' lang='lat' dir='ltr'><strong>ad</strong></span> <span class='ocrx_word' id='word_1_141' title='bbox 2660 2365 2975 2428; x_wconf 86' lang='lat' dir='ltr'><strong>rationem</strong></span> <span class='ocrx_word' id='word_1_142' title='bbox 3022 2363 3375 2429; x_wconf 86' lang='lat' dir='ltr'><strong>solidorum</strong></span> <span class='ocrx_word' id='word_1_143' title='bbox 3422 2365 3465 2427; x_wconf 88' lang='lat'>4</span> <span class='ocrx_word' id='word_1_144' title='bbox 3514 2373 3578 2427; x_wconf 87' lang='lat' dir='ltr'><strong>et</strong></span> 
     </span>
     <span class='ocr_line' id='line_1_18' title="bbox 697 2478 1966 2567; baseline 0.003 -25"><span class='ocrx_word' id='word_1_145' title='bbox 697 2478 1104 2545; x_wconf 81' lang='lat' dir='ltr'><strong>denariorum</strong></span> <span class='ocrx_word' id='word_1_146' title='bbox 1149 2483 1190 2545; x_wconf 87' lang='lat'>9</span> <span class='ocrx_word' id='word_1_147' title='bbox 1238 2504 1352 2567; x_wconf 87' lang='lat' dir='ltr'><strong>pro</strong></span> <span class='ocrx_word' id='word_1_148' title='bbox 1400 2482 1689 2567; x_wconf 85' lang='lat' dir='ltr'><strong>qualibet</strong></span> <span class='ocrx_word' id='word_1_149' title='bbox 1733 2483 1966 2548; x_wconf 88' lang='lat' dir='ltr'><strong>libbra.</strong></span> 
     </span>
    </p>
   </div>
   <div class='ocr_carea' id='block_1_9' title="bbox 921 2649 2584 2739">
    <p class='ocr_par' dir='ltr' id='par_1_10' title="bbox 921 2649 2584 2739">
     <span class='ocr_line' id='line_1_19' title="bbox 921 2649 2584 2739; baseline 0.001 -24"><span class='ocrx_word' id='word_1_150' title='bbox 921 2651 990 2716; x_wconf 86' lang='grc'><strong>9.</strong></span> <span class='ocrx_word' id='word_1_151' title='bbox 1062 2652 1190 2717; x_wconf 75' lang='lat' dir='ltr'><strong>Die</strong></span> <span class='ocrx_word' id='word_1_152' title='bbox 1233 2652 1371 2717; x_wconf 90' lang='lat' dir='ltr'><strong>XX</strong></span> <span class='ocrx_word' id='word_1_153' title='bbox 1393 2652 1519 2718; x_wconf 89' lang='lat' dir='ltr'><strong>VII</strong></span> <span class='ocrx_word' id='word_1_154' title='bbox 1561 2653 1907 2717; x_wconf 69' lang='lat' dir='ltr'><strong>Februarii</strong></span> <span class='ocrx_word' id='word_1_155' title='bbox 1951 2649 2037 2736; x_wconf 80' lang='lat' dir='ltr'><strong>(a.</strong></span> <span class='ocrx_word' id='word_1_156' title='bbox 2074 2675 2129 2718; x_wconf 80' lang='lat' dir='ltr'><strong>a.</strong></span> <span class='ocrx_word' id='word_1_157' title='bbox 2168 2649 2245 2718; x_wconf 89' lang='grc' dir='ltr'><strong>Ο.</strong></span> <span class='ocrx_word' id='word_1_158' title='bbox 2295 2676 2356 2739; x_wconf 89' lang='lat' dir='ltr'><strong>p.</strong></span> <span class='ocrx_word' id='word_1_159' title='bbox 2398 2649 2584 2736; x_wconf 91' lang='lat' dir='ltr'><strong>lOb).</strong></span> 
     </span>
    </p>
   </div>
   <div class='ocr_carea' id='block_1_10' title="bbox 695 2783 3577 2991">
    <p class='ocr_par' dir='ltr' id='par_1_11' title="bbox 695 2783 3577 2991">
     <span class='ocr_line' id='line_1_20' title="bbox 915 2783 3577 2874; baseline 0.001 -25"><span class='ocrx_word' id='word_1_160' title='bbox 915 2783 1084 2851; x_wconf 90' lang='lat' dir='ltr'><strong>Item</strong></span> <span class='ocrx_word' id='word_1_161' title='bbox 1132 2787 1301 2873; x_wconf 90' lang='lat' dir='ltr'><strong>quod</strong></span> <span class='ocrx_word' id='word_1_162' title='bbox 1351 2787 1640 2872; x_wconf 89' lang='lat' dir='ltr'><strong>colonne,</strong></span> <span class='ocrx_word' id='word_1_163' title='bbox 1703 2788 1917 2853; x_wconf 89' lang='lat' dir='ltr'><strong>fiende</strong></span> <span class='ocrx_word' id='word_1_164' title='bbox 1963 2783 2117 2872; x_wconf 88' lang='lat' dir='ltr'><strong>(sic)</strong></span> <span class='ocrx_word' id='word_1_165' title='bbox 2162 2811 2277 2874; x_wconf 88' lang='lat' dir='ltr'><strong>pro</strong></span> <span class='ocrx_word' id='word_1_166' title='bbox 2326 2788 2514 2872; x_wconf 84' lang='lat' dir='ltr'><strong>logia,</strong></span> <span class='ocrx_word' id='word_1_167' title='bbox 2589 2811 2712 2873; x_wconf 89' lang='lat' dir='ltr'><strong>que</strong></span> <span class='ocrx_word' id='word_1_168' title='bbox 2760 2787 3120 2854; x_wconf 83' lang='lat' dir='ltr'><strong>edifficatur</strong></span> <span class='ocrx_word' id='word_1_169' title='bbox 3174 2809 3374 2874; x_wconf 90' lang='lat' dir='ltr'><strong>prope</strong></span> <span class='ocrx_word' id='word_1_170' title='bbox 3443 2788 3577 2873; x_wconf 82' lang='lat' dir='ltr'><strong>pla-</strong></span> 
     </span>
     <span class='ocr_line' id='line_1_21' title="bbox 695 2898 3577 2991; baseline 0.001 -26"><span class='ocrx_word' id='word_1_171' title='bbox 695 2912 868 2966; x_wconf 84' lang='lat' dir='ltr'><strong>team</strong></span> <span class='ocrx_word' id='word_1_172' title='bbox 899 2901 1300 2968; x_wconf 89' lang='lat' dir='ltr'><strong>dominorum</strong></span> <span class='ocrx_word' id='word_1_173' title='bbox 1335 2905 1637 2990; x_wconf 85' lang='lat' dir='ltr'><strong>priorum,</strong></span> <span class='ocrx_word' id='word_1_174' title='bbox 1673 2905 1787 2968; x_wconf 82' lang='lat' dir='ltr'><strong>fiat</strong></span> <span class='ocrx_word' id='word_1_175' title='bbox 1811 2914 1875 2968; x_wconf 89' lang='lat' dir='ltr'><strong>et</strong></span> <span class='ocrx_word' id='word_1_176' title='bbox 1898 2903 2233 2968; x_wconf 91' lang='lat' dir='ltr'><strong>edificetur</strong></span> <span class='ocrx_word' id='word_1_177' title='bbox 2262 2898 2414 2987; x_wconf 91' lang='lat' dir='ltr'><strong>(sic)</strong></span> <span class='ocrx_word' id='word_1_178' title='bbox 2440 2903 2630 2968; x_wconf 89' lang='lat' dir='ltr'><strong>modo</strong></span> <span class='ocrx_word' id='word_1_179' title='bbox 2664 2913 2729 2966; x_wconf 94' lang='lat' dir='ltr'><strong>et</strong></span> <span class='ocrx_word' id='word_1_180' title='bbox 2757 2904 2982 2989; x_wconf 80' lang='lat' dir='ltr'><strong>forma,</strong></span> <span class='ocrx_word' id='word_1_181' title='bbox 3019 2914 3208 2991; x_wconf 87' lang='lat' dir='ltr'><strong>prout</strong></span> <span class='ocrx_word' id='word_1_182' title='bbox 3238 2903 3577 2990; x_wconf 80' lang='lat' dir='ltr'><strong>capudma-</strong></span> 
     </span>
    </p>
   </div>
   <div class='ocr_carea' id='block_1_11' title="bbox 573 3018 3578 3106">
    <p class='ocr_par' dir='ltr' id='par_1_12' title="bbox 573 3018 3578 3106">
     <span class='ocr_line' id='line_1_22' title="bbox 573 3018 3578 3106; baseline 0 -24"><span class='ocrx_word' id='word_1_183' title='bbox 573 3037 576 3039; x_wconf 70' lang='grc'><strong>’</strong></span> <span class='ocrx_word' id='word_1_184' title='bbox 693 3019 878 3103; x_wconf 83' lang='lat' dir='ltr'><strong>gistri</strong></span> <span class='ocrx_word' id='word_1_185' title='bbox 929 3018 1084 3083; x_wconf 88' lang='lat' dir='ltr'><strong>dicti</strong></span> <span class='ocrx_word' id='word_1_186' title='bbox 1133 3020 1343 3106; x_wconf 90' lang='lat' dir='ltr'><strong>operis</strong></span> <span class='ocrx_word' id='word_1_187' title='bbox 1379 3019 1900 3104; x_wconf 83' lang='lat' dir='ltr'><strong>designauerunt‚</strong></span> <span class='ocrx_word' id='word_1_188' title='bbox 1952 3019 2107 3084; x_wconf 89' lang='lat' dir='ltr'><strong>dum</strong></span> <span class='ocrx_word' id='word_1_189' title='bbox 2142 3030 2357 3085; x_wconf 84' lang='lat' dir='ltr'><strong>tamen</strong></span> <span class='ocrx_word' id='word_1_190' title='bbox 2403 3030 2771 3102; x_wconf 82' lang='lat' dir='ltr'><strong>retractent,</strong></span> <span class='ocrx_word' id='word_1_191' title='bbox 2825 3022 2879 3086; x_wconf 89' lang='lat' dir='ltr'><strong>si</strong></span> <span class='ocrx_word' id='word_1_192' title='bbox 2929 3020 3153 3106; x_wconf 86' lang='lat' dir='ltr'><strong>possit,</strong></span> <span class='ocrx_word' id='word_1_193' title='bbox 3206 3019 3286 3085; x_wconf 90' lang='lat' dir='ltr'><strong>de</strong></span> <span class='ocrx_word' id='word_1_194' title='bbox 3332 3021 3578 3086; x_wconf 81' lang='lat' dir='ltr'><strong>labore-</strong></span> 
     </span>
    </p>
   </div>
   <div class='ocr_carea' id='block_1_12' title="bbox 695 3135 3583 4388">
    <p class='ocr_par' dir='ltr' id='par_1_13' title="bbox 695 3135 3579 3318">
     <span class='ocr_line' id='line_1_23' title="bbox 695 3135 3579 3222; baseline 0 -23"><span class='ocrx_word' id='word_1_195' title='bbox 695 3135 791 3200; x_wconf 89' lang='lat' dir='ltr'><strong>rio</strong></span> <span class='ocrx_word' id='word_1_196' title='bbox 839 3135 1009 3201; x_wconf 88' lang='lat' dir='ltr'><strong>dicte</strong></span> <span class='ocrx_word' id='word_1_197' title='bbox 1057 3137 1328 3201; x_wconf 90' lang='lat' dir='ltr'><strong>colonne</strong></span> <span class='ocrx_word' id='word_1_198' title='bbox 1373 3137 1458 3220; x_wconf 90' lang='lat' dir='ltr'><strong>id,</strong></span> <span class='ocrx_word' id='word_1_199' title='bbox 1511 3135 1681 3222; x_wconf 92' lang='lat' dir='ltr'><strong>quod</strong></span> <span class='ocrx_word' id='word_1_200' title='bbox 1731 3139 1824 3201; x_wconf 89' lang='lat' dir='ltr'><strong>eis</strong></span> <span class='ocrx_word' id='word_1_201' title='bbox 1865 3136 2190 3202; x_wconf 87' lang='lat' dir='ltr'><strong>uidebitur</strong></span> <span class='ocrx_word' id='word_1_202' title='bbox 2222 3135 2303 3201; x_wconf 85' lang='lat' dir='ltr'><strong>ad</strong></span> <span class='ocrx_word' id='word_1_203' title='bbox 2336 3136 2475 3221; x_wconf 90' lang='lat' dir='ltr'><strong>hoc,</strong></span> <span class='ocrx_word' id='word_1_204' title='bbox 2515 3148 2582 3201; x_wconf 91' lang='lat' dir='ltr'><strong>ut</strong></span> <span class='ocrx_word' id='word_1_205' title='bbox 2614 3136 2787 3201; x_wconf 83' lang='lat' dir='ltr'><strong>dicta</strong></span> <span class='ocrx_word' id='word_1_206' title='bbox 2817 3136 3136 3202; x_wconf 81' lang='lat' dir='ltr'><strong>laboreria</strong></span> <span class='ocrx_word' id='word_1_207' title='bbox 3168 3136 3579 3201; x_wconf 82' lang='lat' dir='ltr'><strong>abreuientur</strong></span> 
     </span>
     <span class='ocr_line' id='line_1_24' title="bbox 697 3253 1158 3318; baseline 0.004 -2"><span class='ocrx_word' id='word_1_208' title='bbox 697 3261 760 3316; x_wconf 91' lang='lat' dir='ltr'><strong>et</strong></span> <span class='ocrx_word' id='word_1_209' title='bbox 807 3253 934 3317; x_wconf 87' lang='lat' dir='ltr'><strong>cito</strong></span> <span class='ocrx_word' id='word_1_210' title='bbox 980 3254 1158 3318; x_wconf 83' lang='lat' dir='ltr'><strong>fiant.</strong></span> 
     </span>
    </p>

    <p class='ocr_par' dir='ltr' id='par_1_14' title="bbox 917 3366 3582 3456">
     <span class='ocr_line' id='line_1_25' title="bbox 917 3366 3582 3456; baseline -0 -22"><span class='ocrx_word' id='word_1_211' title='bbox 917 3370 1201 3435; x_wconf 87' lang='lat' dir='ltr'><strong>Bencius</strong></span> <span class='ocrx_word' id='word_1_212' title='bbox 1251 3366 1474 3435; x_wconf 86' lang='lat' dir='ltr'><strong>Cionis</strong></span> <span class='ocrx_word' id='word_1_213' title='bbox 1523 3380 1588 3435; x_wconf 86' lang='lat' dir='ltr'><strong>et</strong></span> <span class='ocrx_word' id='word_1_214' title='bbox 1707 3369 2208 3456; x_wconf 83' lang='lat' dir='ltr'><strong>capudmagistri</strong></span> <span class='ocrx_word' id='word_1_215' title='bbox 2257 3369 2411 3434; x_wconf 89' lang='lat' dir='ltr'><strong>dicti</strong></span> <span class='ocrx_word' id='word_1_216' title='bbox 2461 3370 2693 3456; x_wconf 87' lang='lat' dir='ltr'><strong>operis,</strong></span> <span class='ocrx_word' id='word_1_217' title='bbox 2753 3369 3085 3435; x_wconf 83' lang='lat' dir='ltr'><strong>constituti</strong></span> <span class='ocrx_word' id='word_1_218' title='bbox 3141 3369 3210 3433; x_wconf 90' lang='lat' dir='ltr'><strong>in</strong></span> <span class='ocrx_word' id='word_1_219' title='bbox 3256 3368 3582 3455; x_wconf 82' lang='lat' dir='ltr'><strong>presentia</strong></span> 
     </span>
    </p>

    <p class='ocr_par' dir='ltr' id='par_1_15' title="bbox 696 3391 3581 4038">
     <span class='ocr_line' id='line_1_26' title="bbox 919 3391 3581 3573; baseline -0.001 -23"><span class='ocrx_word' id='word_1_220' title='bbox 919 3483 1144 3551; x_wconf 87' lang='lat' dir='ltr'><strong>Simon</strong></span> <span class='ocrx_word' id='word_1_221' title='bbox 1190 3485 1244 3551; x_wconf 87' lang='lat' dir='ltr'><strong>F</strong></span> <span class='ocrx_word' id='word_1_222' title='bbox 1248 3487 1544 3569; x_wconf 85' lang='lat' dir='ltr'><strong>rancisci,</strong></span> <span class='ocrx_word' id='word_1_223' title='bbox 1632 3391 2025 3570; x_wconf 82' lang='lat' dir='ltr'><strong>}dictorum</strong></span> <span class='ocrx_word' id='word_1_224' title='bbox 2095 3487 2549 3572; x_wconf 84' lang='lat' dir='ltr'><strong>operariorum,</strong></span> <span class='ocrx_word' id='word_1_225' title='bbox 2622 3486 2942 3570; x_wconf 86' lang='lat' dir='ltr'><strong>dixerunt,</strong></span> <span class='ocrx_word' id='word_1_226' title='bbox 3015 3486 3449 3573; x_wconf 86' lang='lat' dir='ltr'><strong>promiserunt</strong></span> <span class='ocrx_word' id='word_1_227' title='bbox 3516 3494 3581 3548; x_wconf 92' lang='lat' dir='ltr'><strong>et</strong></span> 
     </span>
     <span class='ocr_line' id='line_1_27' title="bbox 696 3600 3575 3690; baseline -0.001 -22"><span class='ocrx_word' id='word_1_228' title='bbox 696 3604 892 3678; x_wconf 87' lang='lat' dir='ltr'><strong>etiam</strong></span> <span class='ocrx_word' id='word_1_229' title='bbox 940 3613 1378 3669; x_wconf 89' lang='lat' dir='ltr'><strong>conuenerunt</strong></span> <span class='ocrx_word' id='word_1_230' title='bbox 1416 3604 1577 3690; x_wconf 89' lang='lat' dir='ltr'><strong>ipsis</strong></span> <span class='ocrx_word' id='word_1_231' title='bbox 1611 3605 1940 3690; x_wconf 85' lang='lat' dir='ltr'><strong>operariis,</strong></span> <span class='ocrx_word' id='word_1_232' title='bbox 1991 3603 2162 3689; x_wconf 93' lang='lat' dir='ltr'><strong>quod</strong></span> <span class='ocrx_word' id='word_1_233' title='bbox 2194 3603 2349 3668; x_wconf 91' lang='lat' dir='ltr'><strong>hinc</strong></span> <span class='ocrx_word' id='word_1_234' title='bbox 2380 3603 2463 3668; x_wconf 81' lang='lat' dir='ltr'><strong>ad</strong></span> <span class='ocrx_word' id='word_1_235' title='bbox 2494 3613 2623 3668; x_wconf 91' lang='lat' dir='ltr'><strong>tres</strong></span> <span class='ocrx_word' id='word_1_236' title='bbox 2656 3625 2932 3687; x_wconf 81' lang='lat' dir='ltr'><strong>menseS‚</strong></span> <span class='ocrx_word' id='word_1_237' title='bbox 2982 3603 3274 3688; x_wconf 88' lang='lat' dir='ltr'><strong>proxime</strong></span> <span class='ocrx_word' id='word_1_238' title='bbox 3307 3600 3575 3684; x_wconf 88' lang='lat' dir='ltr'><strong>futuros,</strong></span> 
     </span>
     <span class='ocr_line' id='line_1_28' title="bbox 698 3716 3577 3805; baseline -0.002 -20"><span class='ocrx_word' id='word_1_239' title='bbox 698 3721 820 3785; x_wconf 90' lang='lat' dir='ltr'><strong>erit</strong></span> <span class='ocrx_word' id='word_1_240' title='bbox 867 3719 1166 3786; x_wconf 82' lang='lat' dir='ltr'><strong>edificata</strong></span> <span class='ocrx_word' id='word_1_241' title='bbox 1225 3721 1294 3784; x_wconf 91' lang='lat' dir='ltr'><strong>in</strong></span> <span class='ocrx_word' id='word_1_242' title='bbox 1351 3719 1524 3784; x_wconf 86' lang='lat' dir='ltr'><strong>dicta</strong></span> <span class='ocrx_word' id='word_1_243' title='bbox 1579 3719 1751 3805; x_wconf 80' lang='lat' dir='ltr'><strong>logia</strong></span> <span class='ocrx_word' id='word_1_244' title='bbox 1805 3721 2116 3785; x_wconf 82' lang='lat' dir='ltr'><strong>medietas</strong></span> <span class='ocrx_word' id='word_1_245' title='bbox 2164 3720 2361 3786; x_wconf 85' lang='lat' dir='ltr'><strong>totius</strong></span> <span class='ocrx_word' id='word_1_246' title='bbox 2410 3718 2712 3784; x_wconf 82' lang='lat' dir='ltr'><strong>laborerii</strong></span> <span class='ocrx_word' id='word_1_247' title='bbox 2762 3719 2969 3784; x_wconf 89' lang='lat' dir='ltr'><strong>concii</strong></span> <span class='ocrx_word' id='word_1_248' title='bbox 3031 3718 3109 3782; x_wconf 92' lang='lat' dir='ltr'><strong>de</strong></span> <span class='ocrx_word' id='word_1_249' title='bbox 3168 3717 3341 3781; x_wconf 84' lang='lat' dir='ltr'><strong>dicta</strong></span> <span class='ocrx_word' id='word_1_250' title='bbox 3386 3716 3577 3802; x_wconf 83' lang='lat' dir='ltr'><strong>logia,</strong></span> 
     </span>
     <span class='ocr_line' id='line_1_29' title="bbox 698 3831 3579 3922; baseline -0.001 -21"><span class='ocrx_word' id='word_1_251' title='bbox 698 3860 822 3922; x_wconf 90' lang='lat' dir='ltr'><strong>que</strong></span> <span class='ocrx_word' id='word_1_252' title='bbox 879 3847 1066 3901; x_wconf 90' lang='lat' dir='ltr'><strong>erunt</strong></span> <span class='ocrx_word' id='word_1_253' title='bbox 1118 3831 1270 3918; x_wconf 90' lang='lat' dir='ltr'><strong>(sic)</strong></span> <span class='ocrx_word' id='word_1_254' title='bbox 1327 3835 1406 3901; x_wconf 90' lang='lat' dir='ltr'><strong>de</strong></span> <span class='ocrx_word' id='word_1_255' title='bbox 1465 3837 1849 3902; x_wconf 80' lang='lat' dir='ltr'><strong>necessitate</strong></span> <span class='ocrx_word' id='word_1_256' title='bbox 1897 3860 2100 3922; x_wconf 88' lang='lat' dir='ltr'><strong>usque</strong></span> <span class='ocrx_word' id='word_1_257' title='bbox 2155 3836 2238 3901; x_wconf 81' lang='lat' dir='ltr'><strong>ad</strong></span> <span class='ocrx_word' id='word_1_258' title='bbox 2295 3836 2751 3922; x_wconf 86' lang='lat' dir='ltr'><strong>perfectionem</strong></span> <span class='ocrx_word' id='word_1_259' title='bbox 2814 3834 2983 3900; x_wconf 89' lang='lat' dir='ltr'><strong>dicte</strong></span> <span class='ocrx_word' id='word_1_260' title='bbox 3030 3834 3218 3921; x_wconf 87' lang='lat' dir='ltr'><strong>logie,</strong></span> <span class='ocrx_word' id='word_1_261' title='bbox 3281 3834 3434 3898; x_wconf 91' lang='lat' dir='ltr'><strong>dum</strong></span> <span class='ocrx_word' id='word_1_262' title='bbox 3486 3843 3579 3898; x_wconf 82' lang='lat' dir='ltr'><strong>ta-</strong></span> 
     </span>
     <span class='ocr_line' id='line_1_30' title="bbox 697 3951 3467 4038; baseline -0 -21"><span class='ocrx_word' id='word_1_263' title='bbox 697 3975 846 4018; x_wconf 88' lang='lat' dir='ltr'><strong>men</strong></span> <span class='ocrx_word' id='word_1_264' title='bbox 903 3954 970 4017; x_wconf 92' lang='lat' dir='ltr'><strong>in</strong></span> <span class='ocrx_word' id='word_1_265' title='bbox 1019 3953 1191 4018; x_wconf 90' lang='lat' dir='ltr'><strong>dicto</strong></span> <span class='ocrx_word' id='word_1_266' title='bbox 1237 3952 1555 4017; x_wconf 88' lang='lat' dir='ltr'><strong>laborerio</strong></span> <span class='ocrx_word' id='word_1_267' title='bbox 1602 3952 1898 4018; x_wconf 84' lang='lat' dir='ltr'><strong>laborent</strong></span> <span class='ocrx_word' id='word_1_268' title='bbox 1944 3952 2116 4018; x_wconf 89' lang='lat' dir='ltr'><strong>dicto</strong></span> <span class='ocrx_word' id='word_1_269' title='bbox 2164 3963 2450 4038; x_wconf 88' lang='lat' dir='ltr'><strong>tempore</strong></span> <span class='ocrx_word' id='word_1_270' title='bbox 2494 3951 2617 4018; x_wconf 88' lang='lat' dir='ltr'><strong>LV</strong></span> <span class='ocrx_word' id='word_1_271' title='bbox 2660 3952 2956 4037; x_wconf 80' lang='lat' dir='ltr'><strong>magistri</strong></span> <span class='ocrx_word' id='word_1_272' title='bbox 3002 3951 3081 4017; x_wconf 91' lang='lat' dir='ltr'><strong>de</strong></span> <span class='ocrx_word' id='word_1_273' title='bbox 3132 3951 3467 4038; x_wconf 85' lang='lat' dir='ltr'><strong>scarpe110.</strong></span> 
     </span>
    </p>

    <p class='ocr_par' dir='ltr' id='par_1_16' title="bbox 700 4066 3583 4388">
     <span class='ocr_line' id='line_1_31' title="bbox 923 4066 3583 4156; baseline -0.001 -22"><span class='ocrx_word' id='word_1_274' title='bbox 923 4067 1054 4149; x_wconf 82' lang='lat' dir='ltr'><strong>Qui</strong></span> <span class='ocrx_word' id='word_1_275' title='bbox 1103 4070 1376 4156; x_wconf 79' lang='lat' dir='ltr'><strong>operarii</strong></span> <span class='ocrx_word' id='word_1_276' title='bbox 1435 4069 1671 4134; x_wconf 83' lang='lat' dir='ltr'><strong>auditis</strong></span> <span class='ocrx_word' id='word_1_277' title='bbox 1727 4069 2037 4154; x_wconf 84' lang='lat' dir='ltr'><strong>predictis</strong></span> <span class='ocrx_word' id='word_1_278' title='bbox 2096 4069 2643 4152; x_wconf 85' lang='lat' dir='ltr'><strong>deliberauerunt,</strong></span> <span class='ocrx_word' id='word_1_279' title='bbox 2717 4068 2889 4154; x_wconf 91' lang='lat' dir='ltr'><strong>quod</strong></span> <span class='ocrx_word' id='word_1_280' title='bbox 2952 4067 3031 4132; x_wconf 92' lang='lat' dir='ltr'><strong>de</strong></span> <span class='ocrx_word' id='word_1_281' title='bbox 3101 4068 3429 4153; x_wconf 79' lang='lat' dir='ltr'><strong>magistris</strong></span> <span class='ocrx_word' id='word_1_282' title='bbox 3501 4066 3583 4132; x_wconf 92' lang='lat' dir='ltr'><strong>de</strong></span> 
     </span>
     <span class='ocr_line' id='line_1_32' title="bbox 700 4184 3577 4272; baseline -0.001 -21"><span class='ocrx_word' id='word_1_283' title='bbox 700 4185 1016 4272; x_wconf 81' lang='lat' dir='ltr'><strong>scarpello</strong></span> <span class='ocrx_word' id='word_1_284' title='bbox 1065 4184 1222 4248; x_wconf 93' lang='lat' dir='ltr'><strong>dicti</strong></span> <span class='ocrx_word' id='word_1_285' title='bbox 1269 4185 1480 4270; x_wconf 89' lang='lat' dir='ltr'><strong>operis</strong></span> <span class='ocrx_word' id='word_1_286' title='bbox 1532 4185 1772 4250; x_wconf 69' lang='lat' dir='ltr'><strong>uadunt</strong></span> <span class='ocrx_word' id='word_1_287' title='bbox 1817 4195 1882 4250; x_wconf 89' lang='lat' dir='ltr'><strong>et</strong></span> <span class='ocrx_word' id='word_1_288' title='bbox 1928 4196 2101 4251; x_wconf 87' lang='lat' dir='ltr'><strong>stent</strong></span> <span class='ocrx_word' id='word_1_289' title='bbox 2154 4221 2226 4230; x_wconf 84' lang='lat'>-</span> <span class='ocrx_word' id='word_1_290' title='bbox 2280 4185 2361 4250; x_wconf 84' lang='lat' dir='ltr'><strong>ad</strong></span> <span class='ocrx_word' id='word_1_291' title='bbox 2415 4184 2844 4251; x_wconf 80' lang='lat' dir='ltr'><strong>laborandum</strong></span> <span class='ocrx_word' id='word_1_292' title='bbox 2889 4187 2956 4249; x_wconf 89' lang='lat' dir='ltr'><strong>in</strong></span> <span class='ocrx_word' id='word_1_293' title='bbox 3006 4184 3176 4250; x_wconf 82' lang='lat' dir='ltr'><strong>dicto</strong></span> <span class='ocrx_word' id='word_1_294' title='bbox 3225 4207 3415 4270; x_wconf 91' lang='lat' dir='ltr'><strong>opere</strong></span> <span class='ocrx_word' id='word_1_295' title='bbox 3463 4194 3577 4267; x_wconf 89' lang='lat' dir='ltr'><strong>tot,</strong></span> 
     </span>
     <span class='ocr_line' id='line_1_33' title="bbox 700 4298 3354 4388; baseline -0 -22"><span class='ocrx_word' id='word_1_296' title='bbox 700 4302 874 4388; x_wconf 93' lang='lat' dir='ltr'><strong>quod</strong></span> <span class='ocrx_word' id='word_1_297' title='bbox 920 4324 1066 4366; x_wconf 90' lang='lat' dir='ltr'><strong>cum</strong></span> <span class='ocrx_word' id='word_1_298' title='bbox 1112 4300 1263 4385; x_wconf 91' lang='lat' dir='ltr'><strong>illis,</strong></span> <span class='ocrx_word' id='word_1_299' title='bbox 1315 4303 1423 4386; x_wconf 89' lang='lat' dir='ltr'><strong>qui</strong></span> <span class='ocrx_word' id='word_1_300' title='bbox 1469 4325 1642 4367; x_wconf 90' lang='lat' dir='ltr'><strong>nunc</strong></span> <span class='ocrx_word' id='word_1_301' title='bbox 1688 4303 1756 4366; x_wconf 92' lang='lat' dir='ltr'><strong>in</strong></span> <span class='ocrx_word' id='word_1_302' title='bbox 1805 4302 1979 4367; x_wconf 84' lang='lat' dir='ltr'><strong>dicta</strong></span> <span class='ocrx_word' id='word_1_303' title='bbox 2024 4303 2197 4388; x_wconf 82' lang='lat' dir='ltr'><strong>logia</strong></span> <span class='ocrx_word' id='word_1_304' title='bbox 2240 4303 2557 4386; x_wconf 76' lang='lat' dir='ltr'><strong>laborant,</strong></span> <span class='ocrx_word' id='word_1_305' title='bbox 2608 4302 2741 4367; x_wconf 88' lang='lat' dir='ltr'><strong>sint</strong></span> <span class='ocrx_word' id='word_1_306' title='bbox 2786 4303 2855 4365; x_wconf 89' lang='lat' dir='ltr'><strong>in</strong></span> <span class='ocrx_word' id='word_1_307' title='bbox 2900 4323 3167 4366; x_wconf 85' lang='lat' dir='ltr'><strong>numero</strong></span> <span class='ocrx_word' id='word_1_308' title='bbox 3215 4298 3354 4365; x_wconf 88' lang='lat' dir='ltr'><strong>LV.</strong></span> 
     </span>
    </p>
   </div>
   <div class='ocr_carea' id='block_1_13' title="bbox 923 4416 3181 4504">
    <p class='ocr_par' dir='ltr' id='par_1_17' title="bbox 923 4416 3181 4504">
     <span class='ocr_line' id='line_1_34' title="bbox 923 4416 3181 4504; baseline 0 -22"><span class='ocrx_word' id='word_1_309' title='bbox 923 4418 1091 4482; x_wconf 88' lang='lat' dir='ltr'><strong>Item</strong></span> <span class='ocrx_word' id='word_1_310' title='bbox 1136 4416 1307 4502; x_wconf 89' lang='lat' dir='ltr'><strong>quod</strong></span> <span class='ocrx_word' id='word_1_311' title='bbox 1354 4429 1646 4483; x_wconf 84' lang='lat' dir='ltr'><strong>emantur</strong></span> <span class='ocrx_word' id='word_1_312' title='bbox 1691 4419 1869 4483; x_wconf 91' lang='lat' dir='ltr'><strong>mille</strong></span> <span class='ocrx_word' id='word_1_313' title='bbox 1917 4419 2083 4484; x_wconf 88' lang='lat' dir='ltr'><strong>libre</strong></span> <span class='ocrx_word' id='word_1_314' title='bbox 2129 4419 2280 4483; x_wconf 83' lang='lat' dir='ltr'><strong>ferri</strong></span> <span class='ocrx_word' id='word_1_315' title='bbox 2323 4441 2437 4504; x_wconf 89' lang='lat' dir='ltr'><strong>pro</strong></span> <span class='ocrx_word' id='word_1_316' title='bbox 2486 4418 2885 4483; x_wconf 86' lang='lat' dir='ltr'><strong>conficiendo</strong></span> <span class='ocrx_word' id='word_1_317' title='bbox 2934 4429 3181 4503; x_wconf 76' lang='lat' dir='ltr'><strong>agutOS.</strong></span> 
     </span>
    </p>
   </div>
   <div class='ocr_carea' id='block_1_14' title="bbox 926 4586 2925 4847">
    <p class='ocr_par' dir='ltr' id='par_1_18' title="bbox 926 4586 2925 4847">
     <span class='ocr_line' id='line_1_35' title="bbox 926 4586 2925 4655; baseline 0 -3"><span class='ocrx_word' id='word_1_318' title='bbox 926 4586 1038 4652; x_wconf 90' lang='grc'><strong>10.</strong></span> <span class='ocrx_word' id='word_1_319' title='bbox 1108 4589 1240 4652; x_wconf 72' lang='lat' dir='ltr'><strong>Die</strong></span> <span class='ocrx_word' id='word_1_320' title='bbox 1303 4588 1438 4653; x_wconf 83' lang='lat' dir='ltr'><em>VII</em></span> <span class='ocrx_word' id='word_1_321' title='bbox 1473 4589 1720 4654; x_wconf 78' lang='lat' dir='ltr'><strong>Martii.</strong></span> <span class='ocrx_word' id='word_1_322' title='bbox 1802 4586 1934 4654; x_wconf 80' lang='lat' dir='ltr'><strong>Cfr.</strong></span> <span class='ocrx_word' id='word_1_323' title='bbox 1983 4589 2357 4655; x_wconf 87' lang='lat' dir='ltr'><strong>Dokument</strong></span> <span class='ocrx_word' id='word_1_324' title='bbox 2403 4587 2639 4654; x_wconf 85' lang='lat' dir='ltr'><strong>VIIIB</strong></span> <span class='ocrx_word' id='word_1_325' title='bbox 2688 4613 2783 4653; x_wconf 89' lang='lat' dir='ltr'><strong>nr.</strong></span> <span class='ocrx_word' id='word_1_326' title='bbox 2825 4589 2925 4653; x_wconf 86' lang='lat'><strong>18.</strong></span> 
     </span>
     <span class='ocr_line' id='line_1_36' title="bbox 926 4756 2789 4847; baseline 0.001 -23"><span class='ocrx_word' id='word_1_327' title='bbox 926 4758 1027 4824; x_wconf 93' lang='grc'><strong>11.</strong></span> <span class='ocrx_word' id='word_1_328' title='bbox 1100 4760 1228 4824; x_wconf 83' lang='lat' dir='ltr'><strong>Die</strong></span> <span class='ocrx_word' id='word_1_329' title='bbox 1271 4760 1571 4824; x_wconf 91' lang='lat' dir='ltr'><em>XVIIII</em></span> <span class='ocrx_word' id='word_1_330' title='bbox 1607 4763 1836 4825; x_wconf 73' lang='lat' dir='ltr'><strong>mensis</strong></span> <span class='ocrx_word' id='word_1_331' title='bbox 1885 4763 2116 4826; x_wconf 76' lang='lat' dir='ltr'><strong>Martii</strong></span> <span class='ocrx_word' id='word_1_332' title='bbox 2157 4757 2243 4843; x_wconf 85' lang='lat' dir='ltr'><strong>(a.</strong></span> <span class='ocrx_word' id='word_1_333' title='bbox 2279 4785 2335 4826; x_wconf 85' lang='lat' dir='ltr'><strong>a.</strong></span> <span class='ocrx_word' id='word_1_334' title='bbox 2372 4758 2449 4825; x_wconf 93' lang='grc' dir='ltr'><strong>Ο.</strong></span> <span class='ocrx_word' id='word_1_335' title='bbox 2508 4783 2570 4847; x_wconf 92' lang='lat' dir='ltr'><strong>p.</strong></span> <span class='ocrx_word' id='word_1_336' title='bbox 2610 4756 2789 4843; x_wconf 82' lang='lat' dir='ltr'>13a).</span> 
     </span>
    </p>
   </div>
   <div class='ocr_carea' id='block_1_15' title="bbox 703 4892 3581 5096">
    <p class='ocr_par' dir='ltr' id='par_1_19' title="bbox 703 4892 3581 5096">
     <span class='ocr_line' id='line_1_37' title="bbox 924 4892 3581 4982; baseline -0.001 -23"><span class='ocrx_word' id='word_1_337' title='bbox 924 4893 1088 4959; x_wconf 89' lang='lat' dir='ltr'><strong>Beni</strong></span> <span class='ocrx_word' id='word_1_338' title='bbox 1138 4893 1385 4958; x_wconf 83' lang='lat' dir='ltr'><strong>Bartoli</strong></span> <span class='ocrx_word' id='word_1_339' title='bbox 1434 4917 1549 4980; x_wconf 85' lang='lat' dir='ltr'><strong>pro</strong></span> <span class='ocrx_word' id='word_1_340' title='bbox 1598 4894 1802 4980; x_wconf 90' lang='lat' dir='ltr'><strong>pretio</strong></span> <span class='ocrx_word' id='word_1_341' title='bbox 1850 4895 2157 4982; x_wconf 84' lang='lat' dir='ltr'><strong>lapidum,</strong></span> <span class='ocrx_word' id='word_1_342' title='bbox 2231 4894 2526 4960; x_wconf 79' lang='lat' dir='ltr'><strong>datorum</strong></span> <span class='ocrx_word' id='word_1_343' title='bbox 2585 4895 2771 4980; x_wconf 88' lang='lat' dir='ltr'><strong>logie,</strong></span> <span class='ocrx_word' id='word_1_344' title='bbox 2834 4903 2903 4958; x_wconf 84' lang='lat' dir='ltr'><strong>ut</strong></span> <span class='ocrx_word' id='word_1_345' title='bbox 2957 4903 3132 4979; x_wconf 82' lang='lat' dir='ltr'><strong>patet</strong></span> <span class='ocrx_word' id='word_1_346' title='bbox 3186 4893 3352 4959; x_wconf 87' lang='lat' dir='ltr'><strong>libro</strong></span> <span class='ocrx_word' id='word_1_347' title='bbox 3411 4892 3581 4978; x_wconf 86' lang='lat' dir='ltr'><strong>logie</strong></span> 
     </span>
     <span class='ocr_line' id='line_1_38' title="bbox 703 5007 3208 5096; baseline -0.001 -18"><span class='ocrx_word' id='word_1_348' title='bbox 703 5013 786 5079; x_wconf 85' lang='lat' dir='ltr'><strong>ad</strong></span> <span class='ocrx_word' id='word_1_349' title='bbox 835 5023 1078 5078; x_wconf 84' lang='lat' dir='ltr'><strong>cartam</strong></span> <span class='ocrx_word' id='word_1_350' title='bbox 1128 5011 1183 5095; x_wconf 81' lang='lat'><strong>7,</strong></span> <span class='ocrx_word' id='word_1_351' title='bbox 1238 5046 1320 5056; x_wconf 89' lang='lat'><strong>—-</strong></span> <span class='ocrx_word' id='word_1_352' title='bbox 1369 5011 1645 5076; x_wconf 88' lang='lat' dir='ltr'><strong>florenos</strong></span> <span class='ocrx_word' id='word_1_353' title='bbox 1693 5035 1809 5077; x_wconf 84' lang='lat' dir='ltr'><strong>sex</strong></span> <span class='ocrx_word' id='word_1_354' title='bbox 1856 5013 2013 5096; x_wconf 84' lang='lat' dir='ltr'><strong>auri,</strong></span> <span class='ocrx_word' id='word_1_355' title='bbox 2062 5011 2296 5078; x_wconf 88' lang='lat' dir='ltr'><strong>libram</strong></span> <span class='ocrx_word' id='word_1_356' title='bbox 2343 5035 2556 5096; x_wconf 88' lang='lat' dir='ltr'><strong>unam,</strong></span> <span class='ocrx_word' id='word_1_357' title='bbox 2607 5010 2885 5076; x_wconf 89' lang='lat' dir='ltr'><strong>solidum</strong></span> <span class='ocrx_word' id='word_1_358' title='bbox 2930 5007 3208 5094; x_wconf 91' lang='lat' dir='ltr'><strong>unum¹).</strong></span> 
     </span>
    </p>
   </div>
   <div class='ocr_carea' id='block_1_16' title="bbox 703 5149 819 5156">
    <p class='ocr_par' dir='ltr' id='par_1_20' title="bbox 703 5149 819 5156">
     <span class='ocr_line' id='line_1_39' title="bbox 703 5149 819 5156; baseline -0.017 0"><span class='ocrx_word' id='word_1_359' title='bbox 703 5149 819 5156; x_wconf 80' lang='lat'><strong>——.</strong></span> 
     </span>
    </p>
   </div>
   <div class='ocr_carea' id='block_1_17' title="bbox 826 5149 1004 5155">
    <p class='ocr_par' dir='ltr' id='par_1_21' title="bbox 826 5149 1004 5155">
     <span class='ocr_line' id='line_1_40' title="bbox 826 5149 1004 5155; baseline 0 0"><span class='ocrx_word' id='word_1_360' title='bbox 826 5149 1004 5155; x_wconf 95' lang='lat' dir='ltr'><strong> </strong></span> 
     </span>
    </p>
   </div>
   <div class='ocr_carea' id='block_1_18' title="bbox 703 5182 3585 5345">
    <p class='ocr_par' dir='ltr' id='par_1_22' title="bbox 703 5182 3585 5345">
     <span class='ocr_line' id='line_1_41' title="bbox 884 5182 3585 5257; baseline 0 -21"><span class='ocrx_word' id='word_1_361' title='bbox 884 5182 924 5250; x_wconf 91' lang='lat'><strong>¹)</strong></span> <span class='ocrx_word' id='word_1_362' title='bbox 963 5182 1117 5236; x_wconf 87' lang='lat' dir='ltr'><strong>Noch</strong></span> <span class='ocrx_word' id='word_1_363' title='bbox 1155 5183 1291 5238; x_wconf 81' lang='lat' dir='ltr'><strong>viele</strong></span> <span class='ocrx_word' id='word_1_364' title='bbox 1329 5185 1527 5238; x_wconf 82' lang='lat' dir='ltr'><strong>andere</strong></span> <span class='ocrx_word' id='word_1_365' title='bbox 1565 5184 1920 5256; x_wconf 84' lang='lat' dir='ltr'><strong>Lieferungen</strong></span> <span class='ocrx_word' id='word_1_366' title='bbox 1959 5185 2045 5238; x_wconf 75' lang='lat' dir='ltr'><strong>ffir</strong></span> <span class='ocrx_word' id='word_1_367' title='bbox 2081 5183 2169 5238; x_wconf 89' lang='lat' dir='ltr'><strong>die</strong></span> <span class='ocrx_word' id='word_1_368' title='bbox 2204 5185 2376 5257; x_wconf 80' lang='lat' dir='ltr'><strong>Logia</strong></span> <span class='ocrx_word' id='word_1_369' title='bbox 2411 5183 2625 5238; x_wconf 89' lang='lat' dir='ltr'><strong>werden</strong></span> <span class='ocrx_word' id='word_1_370' title='bbox 2664 5203 2731 5238; x_wconf 83' lang='lat' dir='ltr'><strong>an</strong></span> <span class='ocrx_word' id='word_1_371' title='bbox 2758 5183 2963 5238; x_wconf 79' lang='lat' dir='ltr'><strong>diesem</strong></span> <span class='ocrx_word' id='word_1_372' title='bbox 2988 5183 3189 5238; x_wconf 83' lang='lat' dir='ltr'><strong>Datum</strong></span> <span class='ocrx_word' id='word_1_373' title='bbox 3216 5184 3381 5238; x_wconf 84' lang='lat' dir='ltr'><strong>sowie</strong></span> <span class='ocrx_word' id='word_1_374' title='bbox 3406 5184 3456 5236; x_wconf 87' lang='lat' dir='ltr'><strong>in</strong></span> <span class='ocrx_word' id='word_1_375' title='bbox 3488 5184 3585 5237; x_wconf 81' lang='lat' dir='ltr'><strong>der</strong></span> 
     </span>
     <span class='ocr_line' id='line_1_42' title="bbox 703 5267 2550 5345; baseline 0.004 -25"><span class='ocrx_word' id='word_1_376' title='bbox 703 5267 982 5340; x_wconf 78' lang='lat' dir='ltr'><strong>Folgezeit</strong></span> <span class='ocrx_word' id='word_1_377' title='bbox 1015 5270 1254 5338; x_wconf 78' lang='lat' dir='ltr'><strong>bezahlt3</strong></span> <span class='ocrx_word' id='word_1_378' title='bbox 1295 5275 1372 5327; x_wconf 84' lang='lat' dir='ltr'><strong>sie</strong></span> <span class='ocrx_word' id='word_1_379' title='bbox 1411 5273 1584 5327; x_wconf 82' lang='lat' dir='ltr'><strong>haben</strong></span> <span class='ocrx_word' id='word_1_380' title='bbox 1627 5274 1756 5326; x_wconf 85' lang='lat' dir='ltr'><strong>aber</strong></span> <span class='ocrx_word' id='word_1_381' title='bbox 1791 5291 1892 5326; x_wconf 89' lang='lat' dir='ltr'><strong>nur</strong></span> <span class='ocrx_word' id='word_1_382' title='bbox 1929 5275 2147 5345; x_wconf 81' lang='lat' dir='ltr'><strong>geringe</strong></span> <span class='ocrx_word' id='word_1_383' title='bbox 2186 5273 2550 5344; x_wconf 79' lang='lat' dir='ltr'><strong>Wiehtigkeit.</strong></span> 
     </span>
    </p>
   </div>
  </div>
 </body>
</html>
