4009 5859
2070 367 2203 434 280

697 545 852 610 dicti
901 545 1114 629 operis
1161 567 1276 630 pro
1324 553 1612 630 tempore
1661 555 1726 609 et
1772 546 2046 610 termino
2096 569 2211 612 sex
2258 546 2606 630 mensium,
2657 545 3173 632 incipiendorum
3222 546 3467 611 istatim
3513 555 3577 610 et

697 671 844 748 post
884 661 1142 725 finitum
1189 671 1440 746 tempus
1489 683 1708 730 eorum
1756 661 1962 745 offitii,
2017 697 2099 706 --
2149 685 2292 727 cum
2342 661 2464 728 hoc
2510 661 2711 745 saluo,
2763 683 3071 747 expresso
3119 669 3185 726 et
3230 659 3574 742 declarato,

699 778 871 864 quod
927 776 1200 863 predicti
1244 776 1635 841 Laurentius
1691 787 1756 840 et
1801 777 2089 843 Jacobus
2144 787 2484 843 teneantur
2536 787 2603 842 et
2661 777 2939 842 debeant
2996 778 3367 842 continuam
3422 777 3579 841 resi-

699 892 985 957 dentiam
1029 891 1242 956 facere
1289 890 1369 955 ad
1420 889 1660 956 dictam
1706 888 2027 978 operam¹)
2074 894 2204 958 oris
2254 893 2505 959 debetis
2554 903 2618 957 et
2666 893 2902 958 debitis
2950 892 3347 979 temporibus
3396 901 3459 956 et
3506 915 3579 956 se

699 1033 738 1074 a
785 1009 960 1074 dicta
1005 1031 1202 1095 opera
1246 1008 1375 1073 ullo
1423 1007 1614 1072 modo
1661 1008 2003 1072 absentare
2052 1032 2166 1093 pro
2214 1031 2437 1073 eorum
2482 1007 2671 1073 factis
2720 1008 3117 1091 exercendiS‚
3167 1008 3297 1073 nisi
3344 1007 3422 1071 de
3470 1030 3577 1070 ex-

698 1147 925 1210 pressa
969 1124 1232 1188 licentia-
1277 1133 1340 1187 et
1387 1123 1716 1188 uoluntate
1764 1123 2127 1188 offitialium
2174 1135 2238 1189 et
2286 1125 2751 1210 operariorum3
2804 1164 2887 1173 —
2934 1123 3159 1188 habita
3206 1145 3357 1187 uero
3404 1121 3581 1186 dicta

697 1239 962 1304 licentia
1007 1239 1260 1324 possint
1306 1249 1370 1302 et
1417 1237 1676 1302 ualeant
1721 1261 1835 1325 pro
1875 1262 1950 1304 eo
1990 1249 2296 1326 tempore,
2346 1264 2462 1327 pro
2510 1263 2635 1326 quo
2680 1240 3065 1306 habuissent
3108 1239 3457 1320 licentiam,
3508 1259 3579 1302 se

700 1357 1061 1438 absentare,
1111 1353 1455 1420 dummodo
1503 1355 1571 1419 in
1619 1377 1694 1419 eo
1743 1377 1898 1420 casu
1943 1354 2074 1438 ille,
2126 1357 2235 1442 qui
2269 1358 2546 1422 uoluerit
2578 1380 2647 1424 se
2680 1359 3041 1441 absentare,
3092 1356 3323 1420 debeat
3356 1354 3579 1418 dimic-

700 1482 834 1538 tere
904 1482 968 1537 et
1033 1495 1270 1558 ponere
1341 1471 1409 1535 in
1479 1470 1692 1536 locum
1761 1473 1860 1536 sui
1909 1495 2107 1536 unum
2154 1472 2350 1536 alium
2399 1472 2725 1559 ydoneum
2771 1473 2854 1538 ad
2900 1474 3039 1538 eius
3088 1472 3393 1556 offitium,
3467 1469 3578 1556 qui

700 1598 960 1653 maneat
1003 1588 1070 1652 in
1122 1588 1294 1652 dicta
1341 1610 1550 1673 opera,
1605 1623 1682 1632 —
1737 1586 1860 1653 hoc
1907 1589 2103 1653 etiam
2151 1589 2497 1673 intellect0‚
2549 1589 2740 1676 quod,
2792 1591 2846 1656 si
2896 1589 3130 1676 aliquis
3178 1589 3465 1674 ipsorum
3508 1609 3579 1652 se

701 1706 1085 1788 absentaret,
1135 1703 1358 1769 habita
1406 1703 1578 1767 dicta
1623 1702 1905 1788 licentia,
1935 1715 1998 1768 et
2044 1728 2174 1770 non
2216 1705 2577 1770 dimicteret
2609 1707 2891 1792 aliquem
2921 1706 2990 1770 in
3020 1707 3235 1770 locum
3268 1705 3387 1787 sui,
3438 1705 3577 1789 ipse

703 1860 786 1870 -
835 1844 965 1885 non
1010 1820 1218 1907 possit
1262 1819 1500 1884 habere
1548 1842 1734 1884 suum
1781 1820 2089 1885 salarium
2136 1844 2250 1907 pro
2292 1821 2403 1886 illo
2437 1831 2743 1908 tempore,
2794 1845 2921 1908 quo
2954 1822 3189 1886 absens
3223 1828 3425 1886 staret
3455 1829 3575 1883 cet.

925 2021 1040 2088 95.
1114 2025 1245 2089 Die
1290 2023 1475 2088 XXI
1509 2027 1738 2088 mensis
1784 2026 2021 2111 Aqusti
2065 2033 2239 2090 1386
2286 2023 2371 2111 (a.
2406 2051 2463 2093 a.
2500 2025 2579 2094 Ο.
2616 2029 2763 2094 filza
2794 2030 2879 2094 ‘23
2926 2050 2988 2114 p.
3027 2021 3212 2110 13b).

924 2156 1276 2222 Laurentio
1321 2156 1375 2222 F
1378 2158 1590 2244 ilippi,
1641 2161 2169 2244 caputmagistro,
2219 2184 2335 2247 pro
2384 2163 2590 2248 ipsius
2638 2163 2869 2228 salario
2919 2160 3189 2226 duorum
3236 2159 3575 2242 mensium,

701 2274 745 2338 J
753 2274 864 2338 ulii
913 2284 977 2337 et
1021 2274 1280 2359 Agusti,
1331 2313 1414 2322 —
1463 2274 1740 2340 florenos
1791 2277 1874 2341 16
1922 2277 2081 2341 auri.

925 2477 1046 2543 96.
1115 2478 1246 2542 Die
1289 2477 1443 2542 XII
1477 2482 1706 2543 matesis
1757 2480 2041 2545 Ottubris
2087 2479 2173 2566 (a.
2208 2505 2263 2546 a.
2300 2481 2379 2548 O.
2430 2505 2491 2568 p.
2526 2484 2612 2547 26
2630 2477 2715 2566 b).

923 2611 1275 2676 Laurentio
1321 2611 1594 2698 Filippi,
1646 2615 2168 2700 caputmagistm,
2219 2639 2333 2702 pro
2381 2617 2586 2703 ipsius
2635 2617 2871 2682 salario
2919 2615 3191 2680 duorum
3237 2613 3574 2696 mensium,

702 2727 1005 2793 uidelicet
1049 2724 1410 2794 Settenbris
1459 2739 1523 2794 et
1569 2727 1886 2817 Ottubris,
1939 2771 2022 2780 -
2070 2732 2349 2799 florenos
2401 2736 2482 2799 16
2530 2733 2693 2798 auri.

927 2930 1037 2996 97.
1109 2933 1239 2997 Die
1297 2933 1550 2998 Veneris
1614 2936 1749 3002 VII
1789 2937 2148 3002 Decembris
2197 2945 2372 3002 1386
2419 2935 2503 3022 (a.
2539 2962 2595 3005 a.
2632 2935 2710 3004 Ο.
2760 2960 2821 3025 p.
2859 2933 3044 3022 3622).

923 3063 1242 3132 Consules
1311 3068 1468 3133 artis
1537 3069 1684 3134 lane
1755 3078 1820 3134 et
1875 3071 2154 3156 operarii
2200 3094 2392 3158 opere
2437 3072 2701 3136 maioris
2752 3071 3023 3137 ecclesie
3068 3070 3443 3136 Florentine
3492 3109 3576 3118 —

703 3183 1246 3248 confirmauerunt
1291 3193 1356 3248 et
1402 3183 1482 3249 de
1528 3209 1697 3250 nouo
1746 3186 2077 3270 elegerunt
2122 3211 2345 3254 omnes
2394 3199 2457 3253 et
2489 3188 2779 3274 singulos
2810 3189 3173 3272 magistros,
3223 3186 3575 3270 manualeS,

701 3318 954 3383 puerOS,
1005 3298 1321 3364 asinarios
1370 3311 1710 3366 consuetos
1749 3311 1868 3367 cet.

1015 3413 1368 3480 Darunter:

924 3529 1348 3595 Laurentium
1380 3529 1690 3619 Phylippi
1737 3534 1805 3596 in
1855 3537 2401 3621 capomagistrum
2448 3538 2616 3604 dIcte
2663 3561 2853 3625 opere
2900 3561 3014 3624 pro
3062 3561 3177 3603 sex
3222 3537 3574 3621 mensibuS,

703 3644 1038 3710 initiandis
1073 3645 1177 3710 die
1208 3647 1416 3733 primo
1441 3646 1756 3732 Januarii,
1811 3651 2103 3735 proxime
2136 3655 2436 3738 secuturi,
2474 3677 2620 3719 cum
2651 3654 2888 3721 salario
2920 3655 3311 3720 florenorum
3342 3655 3383 3720 8
3416 3653 3575 3718 auri.

926 3838 1042 3904 98.
1114 3842 1246 3906 Die
1303 3842 1558 3908 Veneris
1603 3844 1788 3911 XIV
1818 3845 2195 3912 Decembris
2232 3855 2408 3912 1386
2454 3844 2538 3932 (a.
2574 3873 2631 3914 a.
2668 3846 2745 3915 Ο.
2794 3873 2857 3936 p.
2894 3846 3075 3935 38a).

929 3973 1280 4040 Laurentio
1327 3974 1662 4062 Phylippi,
1728 3981 2198 4065 capomagistro
2248 3981 2417 4048 dicte
2465 4007 2681 4069 opere,
2744 4007 2859 4070 pro
2908 3985 3045 4050 eius
3094 3985 3329 4050 salario
3378 3983 3580 4050 dicto-

703 4112 846 4152 rum
894 4088 1164 4154 duorum
1209 4093 1548 4176 mensium,
1598 4093 1986 4161 Nouembris
2036 4107 2100 4161 et
2144 4098 2545 4186 Decembris,
2597 4140 2680 4150 -
2728 4102 3005 4167 florenos
3058 4104 3140 4168 16
3188 4102 3347 4166 auri.

926 4283 1046 4350 99.
1120 4286 1251 4350 Die
1298 4290 1517 4372 quinto
1563 4293 1794 4354 ‘mensis
1842 4291 2228 4377 Septembris
2277 4301 2450 4358 1387
2497 4291 2583 4379 (a.
2620 4319 2675 4361 a.
2712 4295 2791 4362 O.
2824 4298 2973 4362 filza
3004 4299 3091 4362 24
3136 4320 3199 4384 p.
3232 4293 3434 4382 9b)²).

925 4417 1220 4499 Lorenco
1264 4419 1538 4506 Filippi,
1600 4422 2120 4508 capudmagistro
2171 4425 2326 4490 dieti
2374 4429 2614 4513 operiS,
2672 4450 2788 4514 pro
2836 4430 2974 4494 eius
3024 4431 3258 4496 salario
3307 4430 3577 4494 duorum

704 4535 1042 4618 mensium,
1092 4535 1386 4620 proxime
1433 4537 1904 4622 preteritorum,
1953 4541 2356 4607 initiatorum
2403 4543 2505 4608 die
2538 4545 2745 4630 primo
2780 4546 3021 4611 mensis
3054 4546 3235 4630 Julii‚
3287 4548 3577 4632 proxime

703 4649 1012 4734 preteriti,
1069 4685 1148 4694 -
1198 4651 1475 4716 florenos
1528 4653 1609 4718 16
1657 4655 1816 4719 auri.

703 4825 865 4832 ——-—-
878 4827 1128 4834 -——-—-—-.——-

885 4929 924 4996 ¹)
963 4927 1158 4983 Dieser
1181 4929 1480 4985 Vorbehalt
1517 4933 1634 5003 gibt
1669 4933 1940 4987 vielleicht
1978 4935 2129 4989 einen
2156 4935 2487 5009 Fingerzeig,
2526 4939 2691 4992 worin
2733 4939 2819 4994 die
2844 4940 3083 4995 Ursache
3110 4941 3206 4995 der
3229 4941 3577 5014 zeitweiligen

702 5013 1042 5088 Entfernung
1079 5015 1175 5071 des
1200 5019 1445 5073 Lorenzo
1484 5019 1538 5072 di
1563 5019 1782 5092 Filippo
1821 5040 1946 5076 vom
1970 5025 2134 5077 Amte
2172 5025 2317 5078 eines
2346 5025 2733 5097 Capomaest-ro
2772 5047 2838 5083 zu
2876 5029 3077 5084 suchen
3112 5031 3208 5096 ist3
3250 5029 3575 5084 andrerseits

701 5103 915 5158 mochte
953 5104 1041 5158 die
1079 5105 1258 5177 Opera
1294 5108 1486 5162 keinen
1523 5109 1830 5178 passenden
1868 5110 2062 5165 Ersatz
2100 5112 2186 5165 ffir
2222 5112 2315 5166 ihn
2351 5115 2619 5185 gesunden
2655 5116 2849 5173 haben.

879 5193 923 5262 ²)
965 5194 1100 5248 Vom
1145 5197 1192 5251 1.
1220 5197 1427 5250 Januar
1461 5197 1546 5250 bis
1591 5201 1637 5252 1.
1665 5198 1778 5252 Juli
1819 5202 1954 5254 1387
1997 5202 2115 5254 eine
2150 5201 2350 5257 Lficke.
