4009 5859
470 651 710 737 pressis
760 652 827 714 in
873 651 1260 736 prouisione‚
1312 671 1426 735 per
1472 649 1765 714 dominos
1814 650 2061 736 priores
2111 650 2345 715 artium
2394 660 2458 715 et
2499 651 2928 716 uexilliferum
2959 647 3203 718 iustitie
3235 677 3342 739 po-

469 767 602 852 puli
634 766 993 830 Florentini
1042 789 1234 852 super
1278 765 1407 830 hiis
1456 775 1519 830 et
1566 765 1739 831 circa
1784 789 1860 830 ea
1904 767 2160 830 nouiter
2207 765 2383 831 edita
2427 778 2492 831 et
2547 766 2734 851 facta,
2785 790 2909 852 que
2950 769 3044 834 sic
3083 770 3339 855 incipit:

470 882 653 966 ,Visa
699 894 763 947 et
808 885 1175 948 examinata
1220 882 1501 968 quadam
1556 883 1868 969 petitione
1917 893 1983 948 et
2031 879 2284 966 cetera‘,
2336 892 2402 949 et
2455 885 2666 949 finita:
2717 886 2882 967 ,Non
2934 883 3276 951 obstante‘.

644 999 812 1064 Item
860 1023 1050 1087 super
1097 1001 1456 1086 quantitate
1503 999 1815 1065 librarum
1866 1002 1994 1065 100
2025 999 2067 1064 f.
2103 1023 2186 1086 p.,
2247 1000 2326 1064 de
2373 1004 2648 1086 pecunia
2687 1003 2976 1068 comunis
3019 1003 3344 1070 Florentie

450 1105 894 1203 'expendenda
946 1119 1015 1182 in
1068 1117 1473 1204 reparatione
1530 1125 1595 1180 et
1652 1138 1767 1202 pro
1815 1118 2220 1202 reparatione
2268 1139 2590 1182 murorum
2644 1119 2838 1184 castri
2888 1120 2965 1184 de
3014 1120 3174 1185 Tirli
3222 1133 3341 1187 eet.

474 1231 686 1320 (Gaye
731 1233 766 1297 I
812 1257 873 1321 p.
908 1235 1039 1300 436
1087 1234 1226 1320 gibt
1272 1258 1393 1298 nur
1440 1233 1555 1298 das
1603 1233 1926 1314 Letztere3
1978 1233 2084 1298 die
2132 1234 2518 1316 eigentliche
2567 1235 3002 1323 Bewilligung
3049 1238 3178 1302 und
3211 1239 3345 1306 Ab·

476 1352 831 1438 stimmung
875 1351 1119 1436 fehlen3
1172 1350 1335 1417 doch
1383 1350 1550 1415 ohne
1598 1349 1858 1415 Zweifel
1902 1349 2282 1434 bejahend.)
2377 1441 2385 1448 .

695 1528 761 1595 4.
819 1533 1010 1597 Anno
1044 1537 1243 1612 1293,
1291 1532 1635 1595 indictione
1676 1536 1779 1614 12,
1830 1531 1933 1594 die
1980 1536 2066 1594 26
2107 1533 2335 1594 mensis
2385 1529 2768 1618 Septembris
2813 1529 3090 1616 (ProviS.
3125 1535 3274 1601 filza
3304 1539 3346 1604 9

471 1673 532 1736 p.
568 1651 707 1716 Sssb
756 1649 940 1735 Gaye
984 1650 1021 1715 I
1064 1672 1125 1736 p.
1161 1650 1341 1725 439).

688 1784 855 1849 Item
900 1785 968 1849 in
1017 1782 1378 1850 subsidium
1425 1791 1489 1847 et
1533 1805 1650 1868 pro
1700 1780 1991 1846 subsidio
2041 1804 2306 1867 operum
2354 1791 2418 1846 et
2447 1804 2562 1867 pro
2597 1784 2896 1868 operibus
2931 1786 3347 1852 ecclesiarum

472 1912 693 1967 sancte
760 1901 967 1966 Marie
1012 1900 1285 1965 Nouelle
1352 1899 1623 1963 fratrum
1679 1897 2167 1962 Predicatorum
2225 1908 2289 1963 et
2344 1908 2564 1963 sancte
2614 1897 2844 1964 Crucis
2909 1901 3178 1966 fratrum
3223 1903 3347 1967 Mi-

470 2040 699 2081 norum
754 2027 817 2080 et
873 2017 1081 2082 sancti
1130 2013 1410 2102 Spiritus
1472 2015 1741 2078 fratrum
1809 2013 2294 2078 Heremitarum
2363 2013 2609 2080 ordinis
2659 2018 2866 2080 sancti
2911 2019 3221 2102 Agustini
3270 2018 3348 2084 de

472 2132 819 2216 Florentia,
872 2156 995 2218 que
1042 2154 1155 2218 pro
1204 2131 1447 2196 honore
1494 2137 1560 2196 et
1606 2131 1973 2194 reuerentia
2021 2129 2265 2194 domini
2313 2131 2520 2195 nostri
2565 2130 2724 2196 Jesu
2760 2129 3006 2198 Christi
3054 2144 3117 2198 et
3162 2135 3350 2200 beate

472 2248 743 2334 uirginis
788 2247 1014 2332 Marie,
1066 2249 1291 2313 matris
1340 2249 1497 2332 eiuS,
1548 2257 1612 2311 et
1656 2247 2011 2312 reuerende
2059 2244 2291 2313 Crucis
2340 2257 2404 2311 et
2436 2248 2609 2312 beati
2641 2249 2949 2333 Agustini
2983 2261 3046 2314 et
3079 2251 3352 2316 aliorum

474 2361 861 2430 Sanctorum
907 2375 970 2429 et
1016 2361 1401 2429 Sanctarum
1445 2363 1570 2428 Dei
1621 2375 1685 2429 et
1731 2364 1813 2428 ad
1860 2363 2169 2428 honorem
2221 2374 2285 2427 et
2333 2362 2527 2428 decus
2576 2364 2856 2429 ciuitatis
2904 2366 3124 2452 populi
3155 2376 3219 2431 et
3250 2389 3350 2431 co-

470 2482 685 2546 munis
742 2480 1087 2563 Florentie,
1148 2491 1526 2566 reparantur
1581 2489 1645 2544 et
1702 2478 1781 2544 de
1835 2502 2005 2543 nouo
2060 2479 2461 2544 refficiuntur
2521 2492 2585 2544 et
2637 2480 3118 2565 hedifficantur,
3183 2484 3352 2548 ultra

474 2598 897 2683 quantitateS,
957 2598 1119 2663 alias
1176 2619 1290 2682 pro
1350 2606 1633 2682 tempore
1691 2597 1997 2682 preterito
2057 2596 2381 2660 stabilitas
2430 2607 2494 2660 et
2551 2598 2890 2664 stantiatas
2946 2599 3014 2662 in
3059 2597 3187 2664 hiis
3234 2622 3350 2685 pro

475 2715 613 2799 ipso
664 2714 919 2778 comuni
967 2723 1032 2778 et
1078 2713 1157 2777 de
1190 2714 1394 2799 ipsius
1430 2713 1721 2777 comunis
1754 2713 2032 2798 pecunia
2063 2711 2340 2798 expendi
2375 2711 2626 2795 debere,
2671 2713 2871 2779 libras
2909 2717 3081 2780 1500
3111 2716 3152 2780 f.
3187 2739 3247 2801 p.
3283 2718 3350 2781 in

478 2831 747 2895 termino
796 2839 861 2895 et
899 2853 1013 2915 pro
1046 2830 1320 2895 termino
1352 2839 1417 2894 et
1447 2839 1734 2914 tempore
1770 2829 1956 2892 unius
1989 2829 2188 2892 futuri
2231 2828 2401 2911 anni,
2439 2829 2740 2894 initiandi
2773 2831 2841 2894 in
2872 2830 3193 2895 kallendis
3229 2829 3351 2895 Oc-

476 2947 677 3012 tobris
710 2947 999 3032 proxime
1032 2947 1306 3029 uenturi,
1340 2946 1814 3032 particulariter
1846 2956 1909 3009 et
1939 2945 2064 3009 hoc
2095 2944 2286 3009 modo
2320 2946 2386 3009 in
2420 2945 2581 3030 ipsis
2614 2955 2678 3009 et
2709 2966 2822 3030 pro
2857 2946 3016 3031 ipsis
3051 2947 3350 3031 operibus

478 3062 851 3146 soreiendis,
904 3062 1260 3144 exibendis,
1312 3061 1642 3126 soluendis
1690 3070 1755 3124 et
1787 3060 2274 3141 conuertendis3
2325 3060 2632 3124 uidelicet
2663 3060 2743 3125 de
2776 3084 3028 3125 summa
3060 3070 3124 3126 et
3155 3085 3352 3148 quan-

476 3179 661 3243 titate
708 3178 997 3264 predicta
1040 3179 1239 3265 priori
1288 3179 1605 3242 dictorum
1650 3177 1921 3241 fratrum
1965 3186 2031 3241 et
2063 3186 2417 3244 conuentus
2451 3175 2933 3240 Predicatorum
2965 3176 3070 3240 uel
3103 3177 3351 3242 sindico

480 3295 741 3380 capituli
789 3304 853 3358 et
899 3305 1253 3359 conuentus
1300 3294 1586 3380 ipsorum
1631 3294 1901 3358 fratrum
1946 3293 2148 3357 libras
2187 3295 2314 3358 100
2345 3292 2386 3356 f.
2417 3315 2506 3378 p.3
2557 3302 2621 3356 ct
2652 3292 3003 3377 guardiano
3038 3292 3354 3359 dictorum

474 3410 742 3474 fratrum
810 3421 875 3475 et
928 3421 1283 3476 conuentus
1340 3411 1667 3475 Minorum
1720 3409 1825 3474 uel
1880 3408 2130 3474 sindico
2188 3409 2454 3494 capituli
2519 3418 2583 3472 et
2647 3418 3000 3472 conuentus
3065 3409 3353 3495 ipsorum

476 3526 741 3590 fratrum
801 3526 997 3592 libras
1059 3530 1186 3592 100
1233 3527 1275 3591 f.
1309 3549 1403 3612 p.;
1476 3537 1539 3590 et
1594 3526 1791 3612 priori
1850 3524 2171 3589 dictorum
2223 3524 2493 3589 fratrum
2549 3533 2612 3587 et
2661 3533 3014 3588 conuentus
3059 3523 3354 3590 Heremi-

480 3653 688 3706 tarum
758 3643 859 3706 uel
929 3643 1179 3707 sindico
1240 3643 1502 3727 capituli
1550 3653 1614 3706 et
1662 3654 2018 3706 conuentus
2067 3641 2355 3728 ipsorum
2399 3640 2672 3704 fratrum
2716 3639 2918 3704 libras
2981 3641 3068 3705 50
3098 3641 3140 3705 f.
3175 3663 3237 3726 p.
3287 3641 3354 3704 in

480 3759 876 3843 quibuslibet
921 3769 985 3823 et
1032 3781 1145 3844 pro
1193 3758 1592 3844 quibuslibet
1638 3757 1886 3822 duobus
1934 3757 2266 3821 mensibus
2317 3746 2466 3820 anni
2517 3755 2789 3841 predicti
2839 3766 2958 3819 cet.

700 3934 764 3998 5.
828 3936 1017 4000 Anno
1051 3941 1223 4000 1300
1260 3932 1514 4019 (1301),
1563 3939 1665 4000 die
1695 3935 1913 4000 XIIII
1934 3938 2163 3999 mensis
2199 3937 2427 3998 Martii
2469 3931 2811 4016 (Consulto.
2844 3935 2994 3998 filza
3024 3936 3064 3998 5
3112 3956 3172 4019 p.
3210 3936 3351 4011 2b).

698 4070 778 4134 In
836 4071 1105 4135 consilio
1167 4070 1451 4156 generali
1512 4071 1802 4135 comunis
1858 4069 2194 4156 proposuit
2255 4103 2336 4112 —-
2397 4067 2790 4132 camerarius
2859 4067 3150 4131 comunis
3208 4066 3354 4131 Flo-

480 4187 682 4250 rentie
728 4187 1183 4272 prouisionem,
1232 4187 1469 4252 factam
1515 4209 1706 4272 super
1754 4185 2046 4251 subsidio
2094 4185 2513 4250 ecclesiarum
2562 4194 2781 4248 sancte
2822 4183 3029 4247 Marie
3061 4183 3350 4266 Nouelle,

481 4313 701 4366 sancte
749 4300 999 4386 CruciS,
1052 4305 1255 4368 sancti
1309 4300 1608 4388 Spiritus,
1660 4313 1881 4368 sancte
1927 4303 2135 4386 Marie
2185 4301 2264 4365 de
2314 4297 2620 4366 Carmino
2669 4309 2732 4362 et
2779 4299 2975 4362 etiam
3008 4295 3353 4362 seruorum

480 4428 702 4482 sancte
732 4419 958 4483 Mario.
1037 4415 1191 4502 (Die
1237 4418 1519 4504 Vorlage
1567 4418 1720 4505 geht
1767 4414 2021 4498 durch.)

704 4587 772 4651 6.
836 4588 1026 4653 Anno
1071 4595 1267 4668 1361,
1338 4591 1682 4653 indictione
1738 4597 1845 4669 14,
1918 4590 2022 4652 die
2076 4595 2162 4651 25
2223 4589 2446 4650 mensis
2503 4585 2694 4648 Junii
2746 4581 3023 4666 (Provis.
3073 4583 3223 4646 filza
3267 4584 3354 4646 49

480 4726 543 4789 p.
578 4704 766 4769 210b
812 4699 906 4787 f.).

702 4841 965 4905 Domini
1012 4842 1278 4927 priores,
1332 4839 1653 4903 uexillifer
1699 4849 1763 4903 et
1798 4841 1879 4902 12
1913 4838 2069 4902 boni
2104 4836 2243 4919 uiri,
2300 4869 2380 4878 —
2434 4834 2865 4915 aduertenteS,
2921 4866 3002 4875 —
3053 4829 3224 4916 quod
3257 4852 3355 4894 ec-

484 4957 681 5022 clesia
726 4967 947 5022 sancte
996 4955 1225 5022 Crucis
1275 4955 1353 5020 de
1400 4954 1747 5036 Florentia,
1797 4953 2068 5018 fundata
2113 4975 2228 5038 per
2276 4973 2546 5015 comune
2579 4949 2923 5028 Florentie,
2962 4949 3017 5012 si
3049 4947 3128 5010 ad
3163 4947 3357 5010 aliam

482 5074 940 5160 perfectionem
984 5096 1115 5136 non
1164 5071 1442 5154 deuenit,
1494 5072 1650 5136 satis
1700 5070 2016 5135 deformat
2061 5068 2293 5131 faciem
2341 5066 2643 5148 ciuitatis,
2707 5101 2788 5107 —
2839 5064 3358 5128 deliberauerunt

484 5225 567 5234 -—
640 5189 742 5254 die
806 5193 847 5255 9
894 5188 1075 5253 Junii
1136 5210 1303 5252 anno
1367 5189 1535 5252 1361
1599 5186 1943 5271 imprimis,
2011 5184 2182 5269 quod
2239 5206 2397 5268 opus
2455 5192 2516 5247 et
2572 5182 2820 5246 fabrica
2869 5179 3036 5244 dicte
3087 5179 3356 5242 ecclesie

484 5315 705 5371 sancte
741 5303 970 5371 Crucis
1017 5303 1572 5371 recommendetur
1614 5314 1678 5368 et
1708 5300 2230 5366 recommendata
2276 5323 2418 5363 esse
2465 5298 2862 5380 intelligatur
2893 5306 2959 5358 et
2991 5295 3072 5358 sit
3104 5294 3353 5356 uniuer-

2823 5395 2930 5450 20*
