4009 5859
1847 394 1976 456 225

689 567 1020 656 Imprimis
1069 569 1242 654 quod
1291 570 1588 634 consules
1637 569 1795 634 artis
1827 568 2010 633 Lane
2059 569 2341 634 ciuitatis
2374 567 2428 631 F
2433 569 2703 634 lorentie
2750 578 2814 634 et
2856 569 3131 656 operarii
3166 591 3355 655 opere

469 707 584 750 seu
650 684 895 750 fabrice
965 685 1226 750 maioris
1297 685 1570 751 ecclesie
1616 685 1672 750 F
1674 685 1990 750 lorentine
2061 695 2126 750 et
2182 695 2494 771 quactuor
2550 685 2754 768 ciues,
2830 685 3117 772 deputati
3166 707 3358 771 super

469 801 750 886 negotiis
800 801 970 867 dicte
1018 802 1248 886 platee,
1299 801 1604 867 uidelicet
1649 802 2103 868 Bonaccursus
2149 801 2333 866 Nerii
2382 801 2463 866 de
2508 800 2740 883 Pictis,
2790 799 3171 866 Leonardus
3218 802 3355 866 An-

467 917 629 982 tonii
703 917 782 982 de
849 917 1186 1002 Accitilla,
1260 917 1644 984 Tommasus
1713 918 2035 984 Johannis
2108 917 2187 982 de
2259 915 2539 1003 Careggi
2607 927 2671 983 et
2738 916 3125 985 Franciscus
3172 917 3355 982 Nerii

470 1033 526 1098 F
529 1035 884 1100 iorauantis
932 1045 996 1099 et
1044 1057 1160 1100 seu
1206 1033 1329 1100 due
1375 1045 1591 1121 partes
1639 1036 1928 1099 omnium
1973 1033 2411 1120 predictorum
2463 1070 2535 1077 —
2594 1069 2677 1078 ·-
2727 1033 3023 1116 debeant,
3074 1043 3262 1120 prout
3294 1043 3358 1098 et

469 1149 639 1215 sicut
707 1150 904 1216 etiam
975 1149 1054 1214 de
1122 1149 1292 1215 facto
1343 1151 1689 1235 uoluerint,
1761 1173 1831 1216 se
1878 1150 2222 1216 informare
2269 1150 2349 1215 de
2400 1150 2615 1215 ualore
2662 1160 2728 1216 et
2774 1173 2889 1215 seu
2936 1149 3357 1215 extimatione

471 1266 835 1351 domorum,
889 1265 1331 1351 fundacorum,
1381 1278 1793 1355 apotecarum
1840 1276 1904 1332 et
1950 1266 2385 1353 quorumlibet
2430 1266 2893 1349 hedifitiorum,
2946 1265 3024 1330 de
3070 1266 3357 1350 presenti

468 1405 692 1448 mense
761 1406 876 1472 pro
925 1405 1122 1450 causa
1179 1383 1552 1469 supradicta
1599 1383 2070 1450 destructorum
2116 1393 2182 1447 et
2226 1405 2368 1467 seu,
2439 1405 2563 1468 que
2612 1381 2939 1447 destructa
2982 1381 3240 1464 fuerint,
3292 1391 3357 1445 et

469 1501 756 1587 ipsorum
803 1501 1044 1566 terreni
1092 1511 1158 1566 et
1205 1523 1318 1566 seu
1365 1500 1488 1566 soli
1537 1508 1602 1566 et
1647 1500 1990 1566 cuiuslibet
2036 1522 2191 1566 usus
2242 1522 2355 1565 seu
2401 1499 2715 1563 intrature
2763 1499 2868 1563 uel
2900 1498 3162 1564 alterius
3195 1498 3353 1564 iuris

469 1617 539 1681 in
599 1617 760 1702 ipsis
818 1615 1116 1682 fundacis
1164 1627 1228 1682 et
1275 1639 1390 1682 seu
1435 1616 1720 1703 apotecis
1769 1627 1833 1681 et
1879 1615 2024 1682 aliis
2074 1615 2381 1682 hedifitiis
2430 1614 2739 1702 predictis
2787 1615 3135 1681 cuiuslibet
3182 1637 3351 1679 com-

470 1732 748 1820 petentis
797 1743 861 1797 et
909 1732 988 1797 de
1037 1733 1453 1798 extimatione
1501 1734 1788 1798 omnium
1837 1743 1902 1797 et
1947 1731 2349 1817 singulorum
2397 1731 2773 1814 dannorum,
2824 1753 2937 1816 pro
2987 1729 3354 1795 huiusmodi

473 1849 907 1915 destructione
956 1859 1021 1914 et
1067 1871 1181 1914 seu
1229 1850 1366 1914 eius
1415 1849 1753 1915 occasione
1801 1871 1917 1935 per
1962 1871 2431 1935 quemcumque
2479 1863 2543 1914 et
2588 1848 2877 1934 quolibet
2921 1857 3351 1934 receptorum3

471 1976 536 2030 et
605 1965 933 2030 declarare
1003 1966 1196 2031 simul
1257 1966 1361 2030 uel
1418 1965 1679 2032 diuisim
1735 1977 1800 2030 et
1853 1966 2055 2032 semel
2101 1975 2166 2030 et
2212 1988 2327 2030 seu
2372 1965 2613 2050 pluries
2660 1964 2813 2029 hinc
2862 1963 2944 2028 ad
2990 1987 3106 2050 per
3150 1973 3353 2028 totum

470 2105 762 2148 mensem
797 2081 1124 2166 Octobris,
1173 2083 1464 2168 proxime
1512 2083 1813 2167 secuturi,
1863 2092 1930 2148 et
1973 2081 2147 2147 infra
2190 2082 2405 2168 ipsum
2449 2093 2700 2169 tempus
2743 2081 3134 2166 quantitates
3166 2101 3355 2166 pecu·

471 2199 596 2282 nie,
647 2221 772 2284 que
818 2209 883 2263 et
931 2221 1045 2264 seu
1094 2198 1174 2264 de
1221 2199 1458 2284 quibus
1508 2199 1667 2284 ipsis
1715 2209 1828 2264 aut
1873 2198 2123 2264 duabus
2172 2199 2463 2284 partibus
2497 2198 2803 2283 ipsorum,
2856 2207 2924 2262 ut
2958 2197 3200 2262 dictum
3232 2207 3349 2278 est,

472 2315 798 2380 uidebitur
845 2325 962 2398 cet,
1014 2349 1097 2358 —-
1148 2349 1231 2359 —
1281 2327 1346 2379 et
1391 2315 1531 2400 ipse
1578 2314 2048 2380 declarationes
2097 2314 2357 2378 ualeant
2404 2323 2469 2377 et
2500 2324 2766 2380 teneant
2795 2311 2947 2397 (sic)
2978 2322 3043 2377 et
3076 2312 3355 2378 debeant

470 2432 804 2498 obseruari
852 2453 998 2496 cum
1044 2431 1506 2517 approbatione
1554 2439 1799 2514 tamen,
1860 2429 1938 2495 de
1987 2453 2115 2517 qua
2159 2430 2329 2495 infra
2374 2430 2653 2512 dicetu13
2704 2466 2787 2476 --
2839 2465 2922 2474 -
2969 2428 3093 2493 hoc
3138 2439 3354 2494 tamen

469 2547 539 2610 in
603 2546 914 2632 predictis
988 2547 1198 2630 salu0‚
1273 2547 1525 2612 adiecto
1582 2557 1647 2612 et
1692 2547 2050 2630 declarate,
2120 2546 2291 2632 quod
2339 2545 2704 2632 supradicte
2752 2546 3219 2612 declarationes
3270 2579 3353 2592 -·-

472 2662 753 2728 debeant
813 2663 1038 2728 referri
1108 2663 1311 2728 offitio
1382 2663 1788 2728 dominorum
1856 2665 2140 2750 priorum
2208 2673 2273 2728 et
2328 2662 2675 2728 uexilliferi
2730 2663 2975 2727 iustitie
3021 2663 3242 2749 populi
3290 2673 3355 2727 et

472 2763 762 2844 comunis
809 2779 1102 2865 predicti,
1153 2791 1218 2844 et
1263 2779 1436 2866 quod
1485 2781 1705 2865 uigore
1752 2779 2025 2845 alicuius
2074 2779 2529 2846 declarationis
2578 2803 2657 2844 ex
2688 2779 3015 2868 predictis,
3067 2801 3189 2864 que
3222 2802 3353 2844 non

468 2895 663 2961 fuerit
709 2896 1066 2982 approbata
1108 2918 1225 2982 per
1271 2896 1567 2962 dominos
1614 2897 1858 2982 priores
1907 2906 1973 2960 et
2018 2895 2452 2960 uexilliferum
2498 2896 2742 2961 iustitie
2783 2904 2847 2959 et
2878 2893 3351 2979 gonfalonerios

471 3013 844 3078 sotietatum
889 3011 1111 3098 populi
1159 3023 1223 3077 et
1274 3013 1354 3078 12
1386 3013 1594 3078 bonos
1640 3013 1816 3078 uiros
1865 3012 2156 3077 comunis
2204 3011 2479 3100 predicti
2526 3011 2627 3076 uel
2671 3010 2830 3076 duas
2861 3021 3076 3098 partes
3110 3033 3347 3092 eorum,

467 3129 648 3194 nulla
694 3129 928 3194 solutio
975 3129 1118 3193 fieri
1163 3129 1390 3215 possit.

687 3243 858 3309 Item
925 3244 1097 3330 quod
1167 3245 1556 3310 camerarius
1613 3266 1804 3330 opere
1860 3267 1974 3310 seu
2031 3244 2273 3309 fabrice
2319 3244 2586 3309 maioris
2633 3244 2905 3309 ecclesie
2950 3242 3344 3326 Florentine,

467 3370 601 3426 tam
646 3383 912 3448 presens
959 3385 1181 3447 quam,
1229 3362 1338 3447 qui
1387 3384 1502 3448 pro
1550 3372 1840 3447 tempore
1886 3361 2111 3445 fuerit,
2171 3362 2380 3447 possit
2422 3383 2501 3426 ac
2546 3362 2743 3426 etiam
2789 3370 3084 3425 teneatur
3132 3369 3196 3424 et
3242 3358 3347 3423 de-

467 3477 620 3542 beat
664 3476 744 3541 de
790 3478 1065 3562 pecunia
1111 3477 1211 3544 sui
1260 3477 1716 3542 camerariatus
1767 3477 1918 3542 dare
1966 3487 2033 3542 et
2078 3477 2328 3542 soluere
2376 3476 2567 3542 simul
2615 3477 2718 3541 uel
2752 3477 3010 3542 diuisim
3046 3477 3346 3541 omnibus

469 3603 534 3658 et
579 3594 870 3679 singulis,
922 3595 1032 3680 qui
1079 3593 1435 3660 secundum
1481 3593 1950 3659 declarationes
1984 3593 2388 3679 supradictas
2420 3595 2707 3678 recipere
2740 3592 3097 3676 debuerint,
3148 3615 3346 3677 quan-

465 3711 718 3775 titatem
765 3721 829 3776 et
875 3733 991 3776 seu
1037 3711 1430 3798 quantitates
1479 3720 1597 3776 cet.

687 3825 856 3892 Item
901 3827 1072 3913 quod
1121 3827 1364 3893 domini
1410 3828 1658 3914 priores
1707 3826 1942 3892 artium
1989 3835 2055 3892 et
2101 3825 2423 3892 uexillifer
2467 3827 2712 3892 iustitie
2760 3826 2981 3912 populi
3028 3835 3091 3890 et
3132 3848 3343 3892 comu-

466 3944 569 4009 nis
601 3941 927 4008 Florentie
975 3967 1105 4008 una
1150 3966 1294 4009 cum
1342 3943 1564 4010 offitiis
1611 3943 2198 4028 gonsaloneriorum
2244 3943 2617 4008 sotietatum
2662 3944 2881 4029 populi
2932 3954 2996 4007 et
3033 3944 3113 4007 12
3148 3943 3344 4006 bono·

465 4084 609 4124 rum
657 4060 939 4125 uirorum
987 4060 1278 4125 comunis
1325 4059 1600 4146 predicti
1646 4070 1712 4124 et
1758 4082 1872 4124 seu
1919 4058 2043 4124 due
2089 4070 2306 4145 partes
2352 4061 2639 4124 omnium
2681 4061 2969 4146 ipsorum
3004 4096 3087 4104 —
3120 4095 3203 4104 -—
3238 4060 3342 4125 de-

465 4177 664 4242 beant
709 4153 910 4242 semel
957 4187 1020 4241 et
1067 4199 1181 4242 seu
1226 4175 1467 4262 pluries
1515 4175 1901 4260 deliberare,
1966 4176 2036 4240 in
2083 4199 2209 4261 quo
2254 4175 2395 4240 loco
2444 4176 2894 4242 rehedificetur
2939 4186 3004 4241 et
3048 4176 3129 4240 de
3176 4199 3343 4240 nouo

468 4302 876 4358 construatur
922 4292 1196 4359 ecclesia
1241 4287 1461 4358 sancte
1510 4289 1754 4358 Cecilie
1802 4315 1949 4356 cum
1993 4291 2302 4357 hedifitiis
2351 4300 2415 4356 et
2462 4291 2789 4374 domibus,
2849 4291 3342 4377 expedientibus

467 4419 532 4472 et
585 4410 962 4495 opportunis
1011 4432 1124 4495 pro
1171 4408 1569 4475 habitatione
1615 4409 1884 4474 rectoris
1930 4407 2135 4494 ipsius
2184 4408 2456 4472 ecclesie
2502 4418 2567 4472 et
2613 4430 2728 4472 seu
2772 4407 3015 4472 familie
3062 4418 3128 4472 et
3174 4408 3339 4492 aliis,

467 4547 580 4610 pro
627 4527 772 4611 ipsa
816 4525 1092 4591 ecclesia
1135 4526 1538 4612 opportunis,
1597 4525 1943 4590 dummodo
1991 4524 2377 4606 deliberent,
2438 4523 2609 4609 quod
2654 4525 2798 4610 ipsa
2844 4524 3119 4589 ecclesia
3163 4523 3341 4589 rehe-

469 4639 762 4706 dificetur
814 4642 884 4706 in
941 4664 1058 4706 sua
1109 4640 1450 4728 parrochia
1505 4651 1571 4705 et
1623 4665 1754 4706 non
1801 4649 1984 4705 extra
2030 4639 2266 4726 ipsam,
2324 4638 2452 4704 nisi
2500 4639 2625 4704 hoc
2670 4639 2956 4704 facerent
3003 4661 3148 4704 cum
3196 4662 3341 4704 con-

467 4779 664 4822 sensu
711 4757 958 4823 domini
1005 4759 1291 4844 episcopi
1337 4756 1716 4823 Florentini.

688 4873 776 4938 Et
821 4873 994 4960 quod
1041 4873 1316 4960 operarii
1361 4895 1553 4958 opere
1601 4873 1970 4958 supradicte
2021 4907 2104 4917 —
2150 4873 2432 4938 debeant
2476 4871 2707 4955 facere,
2756 4895 2948 4958 quam
2981 4871 3170 4937 citius
3201 4872 3340 4938 fieri

465 4989 717 5074 poterit,
765 4988 1170 5054 rehedificari
1217 4999 1282 5052 et
1327 4988 1406 5053 de
1453 5011 1623 5054 nouo
1671 4989 1958 5054 construi
2005 4989 2245 5056 dictam
2292 4988 2633 5054 ecclesiam
2672 4999 2893 5055 sancte
2926 4985 3171 5058 Cecilie
3198 5010 3343 5052 cum

467 5103 766 5169 domibus
815 5112 879 5169 et
922 5103 1233 5170 hedifitiis
1279 5104 1585 5190 predictis
1633 5115 1754 5170 cet.

687 5219 776 5284 Et
830 5219 1000 5304 quod
1057 5220 1395 5285 occasione
1451 5245 1617 5286 noue
1673 5219 2148 5286 hedificationis
2197 5220 2366 5286 dicte
2415 5221 2687 5286 ecclesie
2735 5231 2798 5284 et
2845 5245 2958 5286 seu
3006 5219 3341 5285 domorum

571 5325 738 5378 Frey‚
769 5324 840 5362 die
869 5325 1038 5372 boggis
1064 5325 1136 5364 del
1161 5323 1353 5372 signori.
2804 5325 2873 5378 29
