4009 5859
2128 399 2256 466 202

974 575 1100 644 90.
1137 579 1358 658 ,Anno
1409 583 1607 660 1323,
1655 579 1999 642 indictione
2032 585 2094 657 6,
2146 579 2249 644 die
2294 585 2381 642 26·
2414 578 2671 664 Aprilis
2718 575 2995 660 (Provis.
3023 577 3171 642 filza
3208 578 3289 644 19
3336 601 3397 664 p.
3438 578 3631 662 losa,

747 691 932 780 Gaye
979 691 1013 756 I
1059 717 1120 780 p.
1157 690 1338 777 465).
1371 782 1376 786 .

965 828 1075 892 Ad
1122 828 1262 912 hoc,
1313 837 1384 892 ut
1439 851 1646 892 nouus
1695 829 2072 914 capitaneus
2132 838 2196 892 et
2245 829 2547 894 defensor
2594 829 2813 915 populi
2872 839 2935 893 et
2983 829 3273 894 comunis
3320 829 3529 914 possit
3574 837 3637 891 et

742 943 954 1009 ualeat
1001 943 1400 1010 commodius
1470 943 1763 1008 habitare
1832 945 1901 1008 in
1960 945 2204 1031 palatio
2252 955 2317 1008 et
2373 945 2700 1029 domibuS,
2774 945 2842 1008 in
2910 945 3147 1031 quibus
3218 943 3299 1008 ad
3368 967 3635 1031 presens

741 1059 990 1125 habitat
1021 1061 1320 1125 dominus
1356 1071 1661 1124 executor
1692 1059 2289 1127 ordinamentorum
2321 1061 2585 1144 iustitie,
2635 1083 2751 1146 per
2783 1060 3077 1125 dominos
3122 1061 3367 1146 priores
3401 1060 3633 1124 artium

741 1186 806 1239 et
871 1175 1306 1240 uexilliferum
1370 1175 1641 1259 iustitie,
1715 1177 2151 1261 supradict08‚
2226 1199 2302 1240 ac
2372 1177 2647 1241 offitium
2707 1178 2789 1242 12
2844 1178 3161 1241 bonorum
3217 1177 3504 1240 uirorum
3554 1215 3634 1224 —

741 1292 1120 1356 stantiatum
1169 1302 1283 1376 est,
1335 1291 1506 1378 quod
1555 1293 1890 1356 camerarii
1926 1315 2175 1358 camere
2220 1293 2513 1358 comunis
2547 1293 2876 1358 Florentie
2912 1334 2993 1342 -—
3026 1293 3283 1358 soluant
3312 1290 3635 1376 religiosis

741 1407 918 1491 uiriS‚
969 1406 1277 1473 fratribus
1326 1406 1677 1472 Francisco
1725 1419 1787 1474 et
1833 1409 2083 1475 Jacobo
2142 1410 2219 1475 de
2275 1410 2609 1476 Florentia
2689 1410 2933 1475 ordinis
3014 1409 3222 1474 sancti
3278 1407 3631 1494 Augustini

740 1522 820 1587 de
866 1523 920 1587 F
923 1520 1272 1609 lorentia¹),
1347 1547 1550 1611 usque
1621 1525 1691 1589 in
1751 1526 2178 1611 quantitatem
2243 1537 2307 1591 et
2354 1550 2669 1591 summam
2723 1529 2852 1593 150
2898 1527 3285 1591 florenorum
3331 1527 3469 1590 auri
3519 1547 3633 1611 pro

738 1640 898 1727 ipsis
945 1663 1062 1727 per
1107 1640 1282 1726 ipsos
1328 1640 1558 1741 fratres
1608 1642 2061 1707 conuertendis
2110 1653 2174 1707 et
2206 1643 2651 1729 expendendis
2698 1645 2765 1707 in
2815 1645 3221 1730 reparatione
3270 1642 3515 1730 palatii,
3565 1642 3635 1705 in

737 1779 865 1843 quo
921 1767 1210 1822 moratur
1263 1758 1740 1843 presentialiter
1810 1758 2107 1823 dominus
2179 1769 2484 1826 executor
2552 1759 3147 1825 ordinamentorum
3222 1759 3499 1842 iustitie,
3574 1767 3636 1820 et

738 1872 1074 1938 domorum
1121 1883 1184 1938 et
1229 1883 1650 1956 terrenorum,
1724 1875 2261 1940 circunstantium
2320 1876 2491 1941 dicto
2540 1876 2779 1962 palatio
2791 1929 2807 1960 ,
2880 1876 3178 1942 domibus
3226 1885 3290 1939 et
3335 1875 3630 1958 terrenis,

736 2013 852 2076 pro
899 2013 1080 2055 mora
1127 2000 1189 2054 et
1235 1990 1634 2055 habitatione
1682 1990 1838 2055 dieti
1896 1991 2139 2057 domini
2212 1993 2534 2078 capitanei
2590 2003 2654 2057 et
2712 1993 3067 2058 defensoris
3116 2003 3179 2056 et
3227 2013 3339 2056 sue
3384 1989 3631 2054 familie

736 2116 800 2171 et
845 2129 962 2193 pro
1010 2105 1265 2190 deschis
1329 2116 1393 2171 et
1438 2106 1710 2193 panchis
1758 2117 1822 2172 et
1869 2108 2016 2172 aliis
2066 2109 2513 2194 apparatibus,
2563 2110 2869 2174 fatiendis
2916 2109 2985 2174 in
3034 2109 3224 2174 dictis
3270 2108 3462 2190 lociS,
3515 2130 3630 2193 pro

736 2223 874 2287 iure
921 2223 1250 2288 reddendo
1299 2236 1418 2289 cet.

959 2390 1069 2459 91.
1140 2395 1330 2460 Anno
1379 2401 1578 2476 1324,
1628 2397 1730 2460 die
1774 2401 1854 2458 21
1905 2396 2077 2460 Maii
2121 2393 2397 2478 (ProviS.
2433 2397 2580 2460 filza
2613 2397 2694 2462 21
2745 2420 2807 2483 p.
2850 2397 2958 2480 lb,
2994 2392 3134 2480 Sa).
3202 2393 3337 2462 Cfr.
3374 2393 3560 2481 Gaye
3596 2395 3627 2460 I

735 2533 795 2598 p.
847 2511 997 2576 467.

957 2677 1075 2744 92.
1146 2680 1336 2744 Anno
1370 2686 1564 2764 1324,
1614 2682 1960 2745 indiccione
1994 2689 2056 2762 7,
2106 2683 2208 2746 die
2241 2688 2326 2745 17
2358 2685 2636 2746 intrante
2672 2705 2876 2746 mense
2911 2680 3299 2768 Septembris
3344 2678 3626 2763 (Provis.

732 2796 882 2861 filza
929 2798 1009 2861 21
1060 2818 1122 2883 p.
1159 2792 1353 2879 43b).

958 2919 1125 2986 Item
1174 2918 1464 2986 Oliuerio
1515 2920 1761 2985 domini
1809 2917 2205 2986 Gherardini
2255 2921 2333 2986 de
2374 2918 2673 3005 Circulis,
2722 2923 3063 3008 recipienti
3110 2910 3226 3008 pr⁶o
3275 2943 3344 2986 se
3378 2931 3442 2985 et
3470 2921 3627 2986 filiis

735 3037 1059 3124 quondam
1091 3038 1259 3124 Lapi
1306 3037 1551 3102 domini
1585 3034 1999 3122 Gherardini,
2053 3037 2131 3102 de
2179 3061 2431 3102 summa
2475 3040 2646 3104 1055
2678 3038 3066 3103 florenorum
3116 3038 3273 3120 auri,
3325 3059 3507 3123 qu08‚
3562 3047 3630 3102 ut

735 3156 1061 3238 asseritur,
1111 3178 1150 3219 a
1197 3155 1454 3220 comuni
1501 3153 1829 3218 Florentie
1877 3153 2163 3239 recipere
2212 3164 2275 3217 et
2321 3153 2559 3219 habere
2610 3155 2848 3219 debent
2894 3177 3010 3241 pro
3058 3155 3368 3240 pensione
3418 3155 3627 3220 cuius-

734 3271 885 3335 dam
915 3293 1028 3336 sue
1062 3271 1288 3335 domus
1323 3281 1386 3334 et
1417 3270 1661 3356 palatii,
1711 3269 1904 3354 positi
1939 3269 2006 3334 in
2040 3269 2276 3356 populo
2310 3271 2517 3334 sancti
2550 3269 2827 3354 Proculi,
2878 3271 2949 3334 in
2980 3270 3242 3334 ciuitate
3274 3268 3327 3333 F
3330 3270 3624 3355 lorentie‚

731 3388 804 3452 in
850 3410 975 3473 quo
1023 3385 1276 3452 habitat
1334 3387 1707 3472 capitaneus
1764 3387 1985 3473 populi
2037 3409 2150 3472 pro
2200 3389 2392 3452 certis
2443 3389 2631 3452 annis
2688 3398 2752 3452 et
2796 3388 3195 3474 temporibus
3244 3389 3622 3474 preterritis,

733 3526 846 3570 seu
896 3503 974 3568 de
1031 3526 1432 3590 quacumque
1503 3503 1860 3589 quantitate
1931 3513 1996 3568 et
2038 3497 2333 3588 summa,
2407 3527 2600 3589 quam
2668 3505 2953 3591 recipere
3012 3505 3319 3571 deberent
3367 3528 3405 3576 a
3452 3504 3625 3568 dicto

734 3620 994 3685 comuni
1039 3643 1157 3706 pro
1204 3620 1516 3705 pensione
1565 3620 1733 3685 dicte
1784 3621 2009 3685 domus
2058 3630 2121 3684 et
2166 3620 2410 3706 palatii,
2462 3621 2740 3686 florenos
2789 3623 2943 3686 auri'
2976 3623 3126 3688 200.

954 3735 1124 3800 Item
1183 3733 1440 3802 Ceccho
1511 3735 1718 3802 Ghori
1788 3736 2010 3822 populi
2072 3733 2458 3802 Sanctorum
2518 3737 3009 3824 Apostolorum,
3084 3738 3239 3802 olim
3308 3739 3622 3810 massario

732 3873 984 3917 camere
1033 3853 1324 3917 comunis
1356 3850 1703 3937 Florentie,
1755 3875 1870 3938 pro
1920 3853 2111 3918 certis
2162 3855 2485 3939 expensiS,
2534 3877 2652 3941 per
2697 3856 2909 3941 ipsum
2944 3852 3269 3919 Cecchum
3316 3855 3504 3919 factis
3556 3856 3621 3918 in

732 3969 921 4034 domo
969 3954 1227 4034 illorum
1260 3968 1338 4033 de
1373 3965 1672 4054 CirculiS‚
1724 3969 1794 4034 in
1841 3992 1969 4054 qua
2015 3981 2299 4035 moratur
2345 3970 2644 4038 dominus
2693 3983 2997 4037 executor
3029 3971 3623 4037 ordinamentorum

729 4084 1006 4168 iustitie,
1081 4085 1159 4149 de
1215 4108 1333 4149 sua
1378 4085 1640 4172 propria
1684 4087 1961 4172 pecunia
2006 4097 2071 4150 et
2119 4097 2337 4152 coacte
2383 4084 2536 4171 (sic)
2589 4110 2704 4174 per
2750 4091 2964 4175 ipsum
3012 4088 3346 4153 dominum
3393 4109 3620 4150 execu-

729 4213 936 4266 torem
1003 4202 1072 4265 in
1143 4202 1422 4286 quodam
1491 4213 1554 4265 et
1625 4225 1739 4288 pro
1810 4203 2090 4288 quodam
2158 4226 2343 4268 muro
2399 4204 2569 4271 fieri.
2596 4204 2883 4269 fatiendo
2941 4206 3007 4268 in
3067 4204 3242 4268 dicta
3295 4203 3483 4267 domo
3538 4242 3617 4249 -—

729 4316 931 4381 libras
981 4318 1022 4384 8
1068 4317 1111 4381 f.
1146 4340 1207 4404 p.

953 4431 1109 4518 Pag.
1167 4434 1339 4498 45b:
1419 4432 1545 4498 Pro
1605 4434 1931 4518 aptamine
1981 4434 2201 4520 palatii
2254 4438 2615 4501 executoris
2674 4477 2756 4486 —
2816 4460 3015 4522 usque
3071 4438 3140 4500 in
3196 4437 3619 4521 quantitatem

726 4551 1038 4641 librarum
1085 4550 1214 4615 242
1261 4549 1304 4613 f.
1341 4571 1400 4636 p.

953 4717 1068 4784 93.
1159 4719 1391 4784 Uecelli
1444 4720 1705 4807 palazzo
1777 4719 1882 4786 del
1933 4718 2217 4786 Podesta
2262 4743 2323 4808 p.
2366 4723 2453 4787 93
2501 4723 2641 4808 gibt
2686 4723 2985 4810 folgende
3033 4719 3452 4789 Gonfination
3499 4747 3614 4788 aus

728 4836 906 4900 einer
951 4833 1268 4900 Urkunde
1317 4857 1418 4920 an,
1471 4835 1666 4900 deren
1712 4836 2117 4904 Provenienz
2165 4861 2235 4903 er
2280 4837 2484 4904 leider
2527 4838 2711 4904 nicht
2758 4839 3091 4905 mittheilt:

949 4971 1078 5035 Nec
1123 4977 1296 5035 1329
1347 4995 1478 5036 una
1522 4971 1770 5037 lieenza
1815 4973 1881 5038 di
1927 4985 2111 5060 poter
2156 4973 2401 5038 vender
2447 4987 2701 5038 terreno
2749 4973 2855 5038 nel
2905 4974 3079 5039 detto
3126 4975 3360 5060 popolo
3406 4971 3504 5058 (di
3548 4970 3615 5040 S.

725 5082 1024 5169 Firenze)
1080 5088 1149 5151 in
1199 5088 1304 5152 via
1349 5111 1465 5154 seu
1508 5088 1734 5174 claSSO,
1786 5091 1895 5176 qui
1938 5091 2174 5156 dicitur
2218 5091 2327 5156 nel
2368 5091 2724 5176 guardingo
2758 5089 2947 5176 (Μι),
3009 5091 3112 5156 cui
3145 5092 3225 5157 ab
3260 5114 3385 5157 uno
3419 5091 3617 5156 latere

909 5253 946 5320 ¹)
986 5251 1270 5306 Vielleicht
1308 5250 1395 5306 die
1433 5253 1790 5308 Baumeister.
