4009 5859
2101 392 2228 456 152

942 569 1166 634 Daran
1214 567 1497 654 geheftet
1542 568 1652 632 ist:

942 684 1024 748 In
1072 683 1194 749 Dei
1242 685 1502 748 nomine
1549 707 1756 748 amen.
1852 685 2048 748 Anno
2098 705 2212 747 sue
2259 684 2589 748 salutifere
2637 685 3100 750 incarnationis
3154 686 3345 769 1298,
3396 685 3599 751 indic-

720 802 898 866 tione
950 803 1025 865 11
1078 795 1229 884 (sic;
1278 799 1381 864 fur
1416 795 1544 881 12),
1597 799 1701 863 die
1748 799 1952 885 primo
2000 799 2245 863 mensis
2294 794 2632 880 Octobris3
2694 801 2964 864 consilio
3023 802 3307 886 generali
3358 803 3489 868 300
3535 813 3600 867 et

722 917 989 1003 speciali
1036 917 1124 980 90
1170 916 1453 980 uirorum
1500 924 1565 979 et
1612 913 2055 1000 capitudinum
2102 915 2182 978 12
2233 915 2550 978 maiorum
2593 915 2826 978 artium
2867 915 3149 980 ciuitatis
3193 927 3257 981 et
3308 920 3599 984 comunis

721 1031 1071 1115 Florentie,
1108 1033 1173 1096 in
1206 1032 1413 1117 ipsius
1445 1031 1733 1096 comunis
1765 1029 2004 1115 palatio
2040 1039 2446 1114 congregato,
2483 1030 2724 1114 placuit
2757 1031 2904 1113 289,
2941 1029 3408 1117 displicuerunt
3443 1034 3543 1098 13.

944 1144 1119 1231 (Von
1166 1147 1377 1211 dieser
1432 1144 1745 1212 Urkunde
1803 1146 2113 1210 existiren
2173 1147 2329 1209 zwei
2385 1145 2963 1232 Ausfertigungen:
3030 1146 3143 1212 der
3189 1148 3600 1233 vorliegende

721 1263 1038 1330 Abdruck
1085 1264 1176 1326 im
1222 1262 1508 1327 archivio
1560 1262 1907 1347 capitolare
1964 1261 2068 1325 fiir
2124 1260 2230 1325 die
2289 1258 2658 1326 Canoniker
2713 1285 2841 1326 von
2899 1259 3030 1327 San
3083 1262 3427 1348 Giovanni,
3488 1264 3601 1330 der

722 1382 946 1446 zweite
1020 1390 1205 1443 unter
1273 1378 1399 1443 den
1445 1376 1872 1443 Provisionen
1942 1378 2032 1442 im
2079 1374 2524 1444 Staatsarchiv
2571 1378 2673 1442 ffir
2719 1377 2823 1441 die
2873 1375 3184 1463 Comune,
3249 1380 3435 1444 beide
3483 1381 3602 1445 mit

721 1498 1031 1582 geringen
1063 1495 1485 1561 stilistischen
1516 1493 2051 1578 Abweichungen
2086 1516 2212 1557 von
2243 1494 2569 1558 einander.
2650 1493 2777 1559 Die
2809 1489 3121 1560 Consulte
3155 1494 3317 1559 dazu
3349 1495 3602 1561 scheint

722 1637 802 1677 zu
846 1612 1083 1677 fehlen.

946 1804 1063 1869 30.
1128 1805 1319 1870 Anno
1368 1811 1540 1869 1299
1592 1801 1845 1888 (1300),
1907 1807 2252 1870 indictione
2300 1811 2408 1886 13,
2459 1808 2560 1869 die
2607 1813 2644 1868 4
2693 1809 2969 1871 intrante
3015 1830 3221 1872 meme
3263 1809 3604 1874 Februarii

721 1921 998 2005 (Provis.
1032 1924 1182 1989 filza
1232 1925 1316 1987 10
1362 1946 1420 2008 p.
1459 1924 1667 1988 203a:
1719 1922 1902 2008 Gaye
1948 1922 1983 1986 I
2014 1946 2074 2008 p.
2103 1918 2282 2005 445).

946 2069 1373 2138 Considerata
1415 2074 1803 2159 prouisione‚
1856 2073 2017 2138 alias
2066 2096 2258 2158 super
2305 2072 2593 2138 subsidio
2637 2073 2848 2158 operis
2889 2073 3298 2159 infrascripte
3331 2074 3600 2138 ecclesie

720 2213 835 2276 per
881 2211 1151 2253 comune
1196 2188 1249 2253 F
1253 2190 1523 2254 lorentie
1569 2189 1741 2253 facta
1784 2211 1900 2274 pro
1932 2198 2219 2274 tempore
2252 2188 2522 2252 duorum
2555 2210 2886 2270 annorum,
2939 2189 3008 2252 in
3039 2189 3250 2252 medio
3283 2191 3600 2274 presentis

722 2307 964 2372 mensis
1022 2305 1359 2370 Februarii
1416 2303 1872 2388 finiendorum,
1946 2326 2062 2390 per
2119 2303 2414 2370 dominos
2470 2305 2714 2390 priores
2771 2305 3004 2368 artium
3059 2314 3125 2369 et
3168 2305 3603 2370 uexilliferum

720 2423 963 2486 iustitie
1025 2455 1099 2465 —
1161 2420 1492 2505 prouisum
1540 2453 1623 2463 —
1680 2419 1827 2501 fuit,
1901 2419 2076 2504 quod
2131 2441 2246 2503 pro
2303 2418 2545 2483 honore
2603 2427 2668 2483 et
2723 2420 3087 2484 reuerentia
3142 2421 3601 2506 omnipotentis

720 2536 847 2601 Dei
895 2547 959 2600 et
1004 2535 1189 2600 beate
1248 2534 1518 2619 virginis
1563 2535 1789 2618 Marie,
1848 2535 2074 2599 matris
2135 2557 2267 2618 sue,
2327 2543 2391 2597 et
2443 2535 2630 2598 beate
2691 2533 3012 2620 Reparate
3069 2535 3343 2620 uirginis
3403 2547 3467 2601 et
3519 2538 3602 2603 ad

724 2651 1020 2716 decorem
1083 2660 1147 2715 et
1203 2649 1397 2716 decus
1458 2650 1739 2716 ciuitatis
1796 2661 1860 2714 et
1912 2650 2136 2736 populi
2182 2650 2540 2714 Florentini
2597 2650 2666 2713 in
2715 2649 3078 2714 subsidium
3125 2661 3189 2715 et
3232 2674 3347 2737 pro
3397 2653 3602 2718 subsi-

724 2766 829 2830 dio
875 2766 1166 2831 mirificis
1214 2767 1426 2851 operis
1475 2766 1745 2830 ecclesie
1788 2777 2006 2831 sancte
2057 2766 2396 2851 Reparate,
2459 2766 2845 2831 cathedralis
2890 2767 3161 2832 ecclesie
3206 2766 3597 2852 Florentine,

722 2905 846 2968 que
902 2893 1252 2967 reparatur,
1326 2882 1483 2966 quin
1540 2882 1736 2946 immo
1798 2881 1876 2945 de
1934 2903 2104 2945 nouo
2163 2883 2553 2946 construitur
2609 2904 2724 2968 pro
2783 2884 3041 2947 comuni
3096 2883 3384 2968 predicto
3437 2884 3601 2947 ultra

722 2999 1132 3084 quantitates,
1184 2997 1345 3062 alias
1393 2996 1703 3061 hactenus
1752 2994 2082 3060 ordinatas
2131 3031 2212 3040 -—
2263 2997 2333 3059 in
2379 2995 2507 3060 hiis
2557 2996 2836 3082 expendi
2885 2997 3118 3062 debere
3177 3031 3258 3041 —
3315 3020 3430 3082 pro
3478 3007 3597 3062 ter-

722 3115 896 3178 mino
944 3124 1008 3177 et
1052 3123 1337 3198 tempore
1386 3111 1655 3176 duorum
1700 3111 2059 3176 futurorum
2105 3135 2436 3196 annorum,
2487 3112 2953 3178 initiandorum
2999 3115 3067 3177 in
3113 3111 3324 3176 medio
3355 3114 3598 3178 mensis

722 3227 1060 3293 Februarii
1105 3228 1422 3314 presentis
1472 3229 1593 3292 sub
1654 3229 1841 3293 annis
1902 3228 2148 3293 domini
2200 3229 2370 3294 1299
2420 3224 2671 3312 (1300),
2735 3230 3088 3294 indictione
3139 3231 3254 3313 13,
3313 3238 3378 3293 et
3435 3251 3600 3293 com-

723 3343 1103 3429 plendorum
1148 3344 1216 3407 in
1264 3342 1474 3406 medio
1520 3343 1763 3408 mensis
1809 3342 2149 3408 Februarii
2197 3345 2317 3408 sub
2366 3345 2554 3409 annis
2604 3344 2848 3409 domini
2893 3347 3057 3410 1301
3096 3342 3348 3429 (1302),
3399 3345 3600 3410 indic·

724 3459 897 3523 tione
958 3461 1068 3542 15,
1142 3459 1222 3522 de
1286 3459 1490 3544 ipsius
1550 3460 1839 3522 comunis
1898 3461 2188 3544 pecunia,
2263 3495 2346 3504 -
2420 3460 2864 3545 prouenienda
2917 3483 2998 3524 ex
3053 3460 3312 3544 gabella
3367 3472 3431 3524 et
3483 3483 3598 3546 pro

724 3574 978 3659 gabella
1023 3575 1067 3638 4
1114 3572 1523 3638 denariorum
1569 3597 1683 3659 per
1730 3574 1982 3656 libram,
2047 3596 2170 3659 que
2227 3574 2305 3639 de
2354 3575 2784 3640 solutionibus
2841 3598 2956 3661 per
3003 3577 3386 3642 camerarios
3436 3577 3600 3641 eius-

724 3690 871 3755 dem
940 3690 1229 3754 comunis
1294 3729 1376 3737 --
1439 3690 1703 3754 retineri
1762 3688 2041 3772 debebit,
2094 3725 2176 3734 —
2225 3712 2301 3754 ac
2359 3691 2555 3756 etiam
2609 3691 2689 3755 de
2744 3691 3000 3775 gabella
3058 3714 3174 3756 seu
3228 3691 3484 3756 redditu
3538 3700 3602 3755 et

723 3815 1037 3891 prouentu
1082 3804 1342 3892 pedagii
1389 3815 1734 3890 portarum,
1794 3805 1964 3890 quod
2024 3804 2194 3891 apud
2248 3817 2466 3891 portas
2525 3807 2805 3870 ciuitatis
2855 3807 3134 3891 exigitur
3179 3829 3293 3892 pro
3343 3807 3598 3872 comuni

725 3918 802 3984 ad
872 3921 1222 4002 incautum,
1295 3942 1472 3984 more
1542 3920 1730 3984 solito
1802 3919 2213 3984 uendendnm
2279 3943 2394 4006 pro
2445 3923 2701 3986 comuni
2748 3921 3071 4005 iamdicto,
3123 3922 3492 4008 expendant
3537 3932 3601 3986 et

724 4034 979 4099 soluant
1045 4029 1323 4116 (scilicet
1369 4031 1732 4117 camerarii)
1795 4065 1876 4074 —
1930 4058 2130 4121 usque
2197 4035 2268 4099 in
2324 4037 2744 4121 quantitatem
2799 4047 2864 4100 et
2918 4059 3235 4100 summam
3290 4037 3600 4101 librarum

724 4151 900 4215 8000
930 4150 972 4214 f.
1006 4173 1067 4235 p.
1118 4159 1237 4214 cet.

942 4341 1048 4409 31.
1118 4346 1305 4408 Anno
1340 4350 1537 4425 1301,
1584 4347 1929 4410 indictione
1960 4355 2066 4429 15,
2104 4349 2205 4412 die
2237 4354 2320 4411 24
2355 4351 2582 4412 mensis
2613 4347 2994 4412 Nouembris
3024 4344 3304 4430 (Provis.
3337 4347 3486 4412 filza
3513 4349 3591 4411 11

721 4484 783 4547 p.
817 4461 983 4543 81b3
1035 4458 1219 4545 Gaye
1265 4459 1300 4523 I
1331 4483 1393 4546 p.
1428 4455 1609 4543 447).
1822 4459 1829 4464 ’

941 4611 1452 4694 ProuisionibuS,
1512 4633 1705 4696 super
1762 4611 2053 4677 subsidio
2113 4614 2325 4698 operis
2371 4613 2779 4700 infrascripte
2836 4615 3107 4678 ecclesie
3165 4636 3281 4699 per
3327 4635 3597 4678 comune

720 4725 1047 4791 Florentie
1102 4727 1263 4792 alias
1316 4725 1505 4792 factis
1562 4749 1677 4812 pro
1735 4737 2023 4812 tempore
2078 4729 2122 4792 4
2169 4751 2502 4812 annorum,
2563 4730 2630 4794 in
2678 4729 2890 4794 medio
2938 4729 3134 4793 futuri
3185 4731 3429 4795 mensis
3476 4729 3593 4793 Fe-

720 4841 964 4907 bruarii
1018 4841 1475 4924 finiendorum,
1551 4842 1707 4906 uisis
1778 4853 1841 4906 et
1898 4842 2348 4927 consideratis,
2413 4868 2528 4931 per
2593 4844 2887 4910 dominos
2952 4846 3199 4931 priores
3246 4847 3480 4910 artium
3534 4855 3598 4908 et

720 4955 1154 5022 uexilliferum
1206 4957 1450 5022 iustitie
1502 4957 1861 5042 iamdictos,
1933 4958 2272 5044 prehabita
2331 4961 2400 5024 in
2462 4960 2588 5026 hiis
2649 4960 2942 5045 diligenti
2999 4961 3470 5026 examinatione
3534 4969 3598 5025 et

721 5073 1201 5157 deliberatione,
1262 5112 1345 5121 —
1404 5074 1738 5158 prouisum
1789 5074 1927 5158 fuit,
1981 5115 2063 5123 --
2115 5075 2284 5160 quod
2331 5098 2444 5161 pro
2492 5074 2734 5141 honore
2783 5086 2847 5141 et
2898 5078 3262 5142 reuerentia
3308 5076 3594 5160 omnipo·

720 5189 914 5254 tentis
960 5187 1087 5253 Dei
1134 5197 1198 5253 et
1242 5190 1428 5255 beate
1476 5189 1747 5274 uirginis
1788 5189 2014 5275 Marie,
2065 5191 2290 5256 matris
2339 5215 2471 5275 sue,
2521 5201 2586 5254 et
2629 5193 2818 5256 beate
2849 5191 3169 5277 Reparate
3218 5191 3485 5276 uirginis
3533 5200 3598 5255 et
