4009 5859
27 205 53 372 Ὦ-ῂᾼ

1841 414 2112 508 139ῄ

454 584 662 653 Carta
717 611 913 653 manu
966 587 1368 672 Bonouardi,
1427 589 1681 672 notarii,
1756 590 1875 655 sub
1931 591 2124 674 1242,
2191 591 2231 655 5
2287 591 2454 676 ydus
2512 591 2783 678 Aprilis,
2841 593 3192 657 indictione
3253 595 3336 658 14

453 701 549 786 (d.
584 703 647 767 h.
697 727 801 768 am
847 705 908 769 9.
943 700 1183 791 April).

680 819 845 884 Item
892 821 961 884 in
1010 820 1181 885 dicto
1235 821 1663 886 instrumento
1742 831 1843 886 est
1918 822 2096 886 aliud
2142 823 2660 906 instrumentum,
2721 823 3057 888 continens
3117 824 3185 888 in
3242 849 3330 909 se,

452 935 732 1021 qualiter
783 935 1255 1020 Rusticuccius,
1328 947 1752 1020 mensurator,
1824 940 2226 1003 mensurauit
2283 937 2641 1024 Cafagium,
2715 939 2882 1025 quod
2953 940 3204 1005 inuenit
3271 951 3336 1005 et

452 1052 625 1116 dixit
668 1075 809 1117 esse
860 1053 1201 1118 duodecim
1244 1054 1444 1119 modii
1493 1064 1557 1117 et
1604 1055 1845 1119 staiora
1876 1055 2001 1119 duo
2051 1064 2116 1118 et
2148 1055 2272 1118 duo
2304 1077 2549 1140 panora
2580 1055 2662 1118 ad
2692 1065 2936 1121 rectam
2965 1079 3334 1121 mensuram

448 1166 505 1230 F
509 1168 916 1232 lorentinam.
998 1166 1197 1233 Carta
1226 1193 1421 1233 manu
1452 1169 1773 1253 Restauri,
1809 1171 2064 1254 notarii,
2103 1173 2220 1235 sub
2261 1171 2450 1253 1215,
2486 1194 2657 1235 nono
2690 1170 3027 1237 kallendas
3058 1173 3329 1258 Aprilis,

448 1283 805 1349 indictione
852 1286 895 1348 4
942 1282 1034 1368 (d.
1060 1283 1123 1348 h.
1165 1286 1354 1368 1216,
1405 1285 1531 1350 den
1579 1287 1683 1350 24.
1718 1281 1949 1367 Marz).

672 1423 737 1486 p.
772 1406 853 1463 31
870 1425 929 1464 a.
1009 1399 1061 1466 Ι.
1132 1399 1641 1466 Instrumentum
1690 1403 2050 1485 continenS,
2126 1403 2402 1488 qualiter
2471 1403 2731 1489 quidam
2800 1403 3053 1489 pilastri
3102 1403 3328 1469 domus

446 1515 875 1580 fundarentur
918 1517 987 1580 in
1045 1518 1253 1582 foueis
1311 1519 1601 1582 comunis
1648 1516 1975 1584 Florentie
2031 1540 2229 1605 prope
2299 1528 2550 1605 portam
2597 1517 2675 1582 de
2722 1517 2912 1582 Balla
2957 1518 3039 1582 ad
3087 1518 3328 1584 instan-

445 1632 609 1696 tiam
640 1632 1059 1717 quorundam,
1096 1633 1206 1718 qui
1239 1634 1542 1698 dicuntur
1571 1635 1943 1720 capsettarii
1976 1634 2054 1698 de
2088 1634 2421 1702 Florentia
2451 1643 2570 1700 cet.
2605 1634 2802 1698 Anno
2839 1635 3010 1699 1283
3034 1631 3199 1719 (84),
3232 1635 3328 1699 in-

448 1747 733 1812 dictione
783 1749 886 1832 12,
938 1749 1043 1814 die
1090 1750 1175 1814 22
1216 1749 1574 1815 Februarii.

676 1915 773 1983 11.
845 1921 1034 1982 Anno
1084 1925 1256 1982 1288
1293 1915 1414 2004 (9),
1464 1923 1807 1986 indictione
1851 1927 1915 2000 2,
1961 1923 2064 1985 die
2113 1929 2150 1984 7
2197 1924 2474 1986 intrante
2519 1943 2726 1986 ‘mense
2773 1921 3004 1985 Martii
3045 1917 3324 2003 (ProviS.

443 2033 598 2099 filza
648 2037 679 2100 1
730 2059 791 2122 p.
832 2037 1036 2119 109a3
1084 2035 1247 2100 fehlt
1291 2037 1398 2101 bei
1448 2033 1678 2122 Gaye).

673 2219 755 2226 —
791 2176 1113 2244 Dominus
1146 2189 1431 2266 potestas
1467 2220 1549 2229 ——
1584 2180 1919 2266 proposuit
1945 2216 2026 2224 —
2053 2181 2122 2244 in
2156 2180 2428 2245 consilio
2462 2180 2749 2265 generali
2780 2189 3215 2244 trecentorum
3240 2215 3324 2224 —-

443 2294 785 2380 prouidere
833 2304 898 2359 et
941 2296 1216 2380 firmare,
1266 2296 1439 2381 quod
1487 2296 1565 2360 de
1613 2296 1768 2360 dicti
1818 2297 2110 2360 comunis
2155 2296 2210 2360 F
2212 2296 2486 2360 lorentie
2531 2295 2808 2382 pecunia
2851 2295 3326 2381 presentialiter

441 2410 700 2496 possint
755 2411 1035 2497 expendi
1094 2410 1257 2476 libre
1310 2415 1439 2478 100
1483 2412 1526 2476 f.
1553 2434 1615 2497 p.
1668 2412 1733 2476 in
1782 2434 1973 2498 opere
2021 2421 2086 2475 et
2130 2413 2467 2476 occasione
2514 2413 2755 2497 operis,
2817 2411 2988 2496 quod
3031 2433 3205 2475 nunc
3251 2413 3326 2475 fit

444 2538 510 2590 et
542 2525 671 2590 iam
702 2549 819 2613 pro
852 2527 1093 2591 maiore
1141 2539 1323 2614 parte
1369 2528 1611 2593 factum
1658 2537 1755 2593 est
1802 2529 1871 2592 in
1918 2528 2278 2614 reparando
2326 2537 2392 2591 et
2436 2549 2551 2613 pro
2599 2526 2958 2613 reparando
2993 2535 3056 2590 et
3087 2537 3324 2590 macto·
3357 2613 3362 2616 Ι

442 2642 659 2705 nando
707 2642 989 2728 plateam
1033 2643 1206 2708 beati
1252 2641 1298 2708 J
1300 2645 1574 2709 ohannis
1620 2643 1937 2731 Baptiste.
2034 2642 2248 2724 Quam
2293 2644 2564 2729 pecunie
2635 2643 3060 2728 quantitatem
3116 2665 3321 2706 came·

440 2756 652 2821 rarius
700 2759 989 2823 comunis
1022 2760 1075 2823 F
1080 2760 1349 2824 lorentie
1396 2761 1571 2824 licite
1619 2739 1683 2825 et
1728 2761 1969 2847 inpune
2016 2759 2240 2846 possit,
2291 2768 2586 2823 teneatur
2632 2767 2696 2823 et
2742 2758 2975 2822 debeat
3006 2758 3084 2854 de
3117 2758 3320 2843 ipsius

442 2873 733 2937 comunis
802 2875 1077 2960 pecunia
1148 2875 1299 2940 dare
1369 2886 1433 2941 et
1492 2877 1740 2942 soluere
1796 2875 2058 2940 officiali
2106 2875 2454 2962 superstiti,
2523 2897 2640 2961 pro
2689 2875 2947 2938 comuni
2994 2874 3320 2939 Florentie

440 2988 655 3074 posito
704 3000 823 3055 cet.

667 3160 769 3227 12.
842 3163 1032 3226 Anno
1065 3167 1263 3243 1289,
1333 3164 1680 3228 indictione
1725 3170 1795 3247 2,
1870 3165 1975 3227 die·
2019 3169 2102 3226 12
2151 3167 2427 3228 intrante
2473 3184 2679 3227 mense
2723 3161 2980 3248 Aprilis
3049 3157 3321 3244 (ibidem

438 3299 502 3363 p.
541 3280 719 3344 1-10a
766 3277 949 3365 Gaye
994 3277 1031 3342 I
1077 3301 1137 3365 p.
1172 3273 1352 3362 419).

659 3419 742 3484 In
805 3421 1075 3486 consilio
1124 3423 1409 3507 generali
1458 3432 1890 3488 trecentorum
1936 3431 2055 3488 cet.
2108 3463 2190 3470 —
2241 3418 2313 3487 Si
2359 3422 2572 3507 placet
2619 3421 2790 3485 dicto
2838 3419 3121 3506 presenti
3170 3441 3318 3484 con-

438 3536 585 3600 silio
631 3537 971 3623 prouidere
1018 3548 1082 3602 et
1110 3519 1403 3622 firmare,
1478 3579 1560 3587 —
1640 3539 1809 3624 quod
1857 3539 2248 3603 camerarius
2321 3538 2475 3602 dicti
2525 3537 2814 3602 comunis
2861 3534 3188 3599 Florentie
3237 3534 3316 3598 de

436 3651 642 3737 ipsius
690 3654 983 3718 comunis
1030 3654 1307 3738 pecunia
1352 3655 1559 3740 possit
1604 3655 1859 3740 sibique
1906 3655 2116 3739 liceat,
2166 3664 2460 3719 teneatur
2507 3664 2570 3718 et
2617 3654 2848 3719 debeat
2896 3652 3048 3718 dare
3097 3661 3162 3716 et
3192 3651 3314 3717 sol-

436 3791 585 3832 uere
633 3779 697 3833 et
742 3769 995 3833 tradere
1044 3769 1403 3855 superstiti,
1478 3770 1779 3854 deputato
1829 3771 1913 3834 ad
1970 3793 2131 3856 opus
2181 3770 2595 3834 mactonandi
2641 3770 2922 3856 plateam
2969 3779 3032 3833 et
3078 3768 3313 3833 lateres

435 3884 705 3949 ecclesie
753 3885 930 3950 beati
974 3884 1295 3950 Johannis
1335 3886 1629 3971 Baptiste
1678 3887 2063 3972 procurandi
2111 3897 2175 3951 et
2219 3887 2360 3951 fieri
2407 3887 2707 3971 faciendi,
2759 3887 2960 3951 libras
3013 3889 3142 3952 100
3169 3886 3212 3950 f.
3248 3908 3310 3972 p.

435 3997 649 4079 Quam
715 4002 986 4086 pecunie
1058 4003 1482 4087 quantitatem
1550 4001 1726 4066 idem
1794 4003 2172 4089 superstites
2193 3997 2238 4086 ¹)
2309 4003 2514 4089 possit
2584 4000 2975 4089 expendere,
3062 4001 3311 4066 soluere

434 4125 497 4179 et
542 4127 915 4182 conuertere
962 4118 1031 4182 in
1078 4117 1396 4182 solutione
1443 4119 1645 4204 precii
1694 4128 2081 4203 mactonum,
2131 4142 2341 4202 arene,
2391 4119 2844 4204 magistrorum
2900 4127 2963 4181 et
3007 4139 3311 4182 manoua-

431 4230 607 4315 lium,
657 4233 769 4316 qui
814 4232 1113 4298 laborant
1160 4243 1223 4297 et
1268 4233 1728 4299 laborauerunt
1773 4233 1855 4298 ad
1902 4235 2116 4320 ipsum
2163 4257 2322 4321 opus
2371 4244 2773 4299 mactonatus
2819 4233 3100 4299 faciendi
3146 4241 3211 4296 et
3241 4234 3310 4297 in

434 4345 576 4410 aliis
625 4349 1003 4434 opportunis
1052 4349 1132 4412 ad
1182 4350 1394 4434 ipsum
1440 4372 1601 4436 opus
1646 4350 1928 4415 faciendi
1975 4360 2094 4415 cet.

656 4513 758 4581 13.
829 4517 1022 4582 Anno
1068 4525 1275 4599 1289,
1345 4521 1687 4585 indictione
1724 4527 1790 4600 2,
1863 4521 1963 4584 die
2013 4526 2097 4584 19
2147 4523 2423 4585 intrante
2469 4542 2673 4584 mense
2720 4521 2969 4604 Aprilis
3036 4515 3310 4602 (ibidem

430 4653 491 4716 p.
529 4632 657 4698 110
672 4655 725 4715 a,
760 4634 823 4716 b,
876 4630 1059 4719 Gaye
1107 4656 1163 4698 a.
1198 4657 1255 4698 a.
1292 4629 1419 4716 O.).

606 4773 903 4841 Potestas
951 4777 1318 4863 proposuit,
1376 4817 1458 4825 —
1516 4779 1687 4862 quod
1735 4779 2126 4843 camerarius
2175 4779 2466 4844 comunis
2523 4755 2851 4840 Florentie
2913 4816 2995 4825 -—
3051 4773 3305 4839 tradere

428 4891 633 4973 possit
678 4900 741 4954 et
787 4891 1018 4957 debeat
1064 4890 1363 4957 Geremie
1412 4892 1518 4956 del
1562 4893 1907 4976 Becchut0,
1958 4917 2073 4980 pro
2109 4893 2365 4958 comuni
2398 4892 2725 4957 Florentie
2767 4891 3098 4979 superstiti
3130 4889 3304 4954 labo-

602 5144 644 5212 ¹)
681 5143 761 5198 Im
798 5144 1039 5217 Original
1083 5145 1227 5200 steht
1275 5145 1585 5216 superstit23
1641 5145 1916 5200 abbrevirt
1951 5145 2065 5199 also
2105 5151 2308 5199 musste
2346 5163 2402 5200 es
2441 5147 2497 5199 in
2535 5144 2852 5214 superstites
2891 5144 3056 5214 (wohl
3093 5164 3137 5200 e.
3163 5165 3214 5200 v,
3252 5165 3302 5202 a.

430 5235 725 5302 superstes)
764 5232 1031 5306 aufgelost
1064 5233 1297 5289 werden.
2707 5261 2710 5266 ’
2770 5303 2874 5357 18.
