4009 5859
1879 394 2009 457 219

725 568 813 634 Et
845 569 1016 655 quod
1049 569 1219 634 dicte
1251 593 1414 656 pene
1448 570 1526 634 de
1561 569 1817 636 circulis
1851 579 1917 635 et
1962 570 2041 635 de
2073 570 2403 636 foderibus
2437 581 2501 636 et
2534 570 2612 636 de
2646 572 2842 638 cribis
2874 569 2963 656 (P)
2996 590 3060 638 et
3092 574 3384 639 curribus

506 693 570 748 et
616 686 940 769 carrettis,
992 695 1056 750 et
1109 709 1234 771 que
1283 686 1692 751 continentur
1739 687 1808 751 in
1853 697 2167 772 quactuor
2212 687 2708 774 precedentibus
2757 689 3085 775 capitulis,
3134 691 3387 776 possint

506 801 680 886 exigi
752 825 897 867 cum
968 803 1226 886 effectu,
1301 803 1474 868 omni
1547 804 1950 890 oppositione
2011 815 2331 886 cessante,
2407 839 2491 848 —-
2553 840 2634 848 —
2684 827 2799 891 per
2846 805 3119 870 offitium
3166 829 3383 892 opera-

505 918 746 982 riorum
794 941 986 1004 opere
1035 918 1403 1004 supradicte
1451 943 1566 1006 pro
1615 921 2101 984 manutentione
2149 919 2321 986 dicte
2366 921 2578 1007 platee
2627 932 2691 986 et
2738 922 2907 987 dicte
2954 922 3167 1008 loggie
3218 932 3335 987 cet.

728 1128 880 1195 128.
980 1134 1168 1197 Anno
1205 1139 1400 1212 1385,
1449 1135 1792 1198 indictione
1823 1140 1887 1214 9,
1936 1136 2037 1198 die
2068 1141 2107 1197 9
2142 1137 2371 1198 ‘mensis
2403 1135 2770 1199 Decembris
2804 1134 3083 1217 (ProviS.
3118 1135 3266 1200 filza
3301 1137 3383 1200 75

503 1270 566 1333 p.
615 1249 743 1313 206
761 1242 845 1330 a).

725 1389 1061 1476 Magnifici
1109 1392 1372 1476 domini,
1425 1391 1670 1456 domini
1716 1393 1964 1478 priores
2013 1393 2251 1457 artium
2297 1403 2359 1458 et
2407 1394 2734 1459 uexillifer
2778 1395 3025 1460 iustitie
3069 1394 3289 1481 populi
3322 1406 3387 1460 et

507 1508 799 1573 comunis
831 1507 1161 1573 Florentie
1209 1544 1290 1551 —
1345 1508 1866 1573 deliberauerunt
1912 1509 2018 1573 die
2065 1519 2293 1573 octauo
2340 1511 2584 1575 mensis
2616 1511 3019 1594 Decembris,
3070 1535 3241 1577 anno
3276 1511 3383 1575 do-

505 1626 663 1690 mini
716 1627 913 1708 1385,
964 1625 1317 1689 indictione
1365 1627 1424 1708 9,
1477 1624 1648 1710 quod
1698 1625 1940 1690 domini
1987 1626 2235 1712 priores
2286 1635 2350 1690 et
2398 1626 2716 1691 uexillifer
2762 1627 3005 1692 iustitie
3053 1627 3275 1713 populi
3322 1637 3386 1691 et

507 1742 797 1806 comunis
844 1741 1119 1828 predicti
1167 1764 1293 1805 una
1340 1764 1486 1806 cum
1529 1742 1750 1807 offitiis
1785 1743 2374 1826 gonfaloneriorum
2407 1744 2777 1809 sotietatum
2808 1743 3026 1830 populi
3060 1753 3125 1808 et
3160 1745 3239 1809 12
3273 1744 3382 1809 bo-

505 1882 733 1923 norum
802 1859 1088 1922 uirorum
1157 1859 1445 1922 comunis
1516 1858 1788 1945 predicti
1855 1883 1971 1924 seu
2025 1859 2147 1924 due
2202 1869 2417 1945 partes
2467 1861 2751 1924 omnium
2799 1860 3087 1945 ipsorum
3132 1859 3385 1945 possint

503 1997 618 2059 per
664 1985 870 2039 totum
918 1985 1283 2062 presentem
1331 1999 1622 2040 mensem
1655 1975 2037 2040 Decembris
2085 1975 2295 2040 facere
2344 1976 2726 2040 scrutinium
2774 1976 2852 2040 de
2892 1977 3023 2042 *illis
3053 1975 3383 2060 magistris

503 2089 790 2176 lapidum
823 2101 888 2155 et
918 2090 1311 2176 lignaminis,
1373 2069 1597 2178 peritis
1654 2093 1723 2154 in
1778 2101 1913 2156 arte
1961 2092 2279 2177 predicta,
2347 2092 2426 2156 de
2475 2093 2708 2178 quibus
2757 2093 2850 2157 eis
2898 2091 3223 2156 uidebitur
3268 2114 3383 2178 pro

504 2207 708 2271 offitio
757 2207 1210 2293 capomagistri
1267 2217 1330 2272 et
1375 2231 1491 2288 seu
1539 2209 2153 2294 capomagistrorum
2202 2207 2388 2273 offitii
2437 2209 2630 2273 turris
2687 2218 2750 2274 et
2796 2207 2981 2272 offitii
3030 2219 3382 2274 castrorum

506 2324 797 2389 comunis
845 2323 1144 2409 predicti,
1208 2333 1272 2388 et
1316 2323 1527 2389 facere
1584 2324 1722 2388 fieri
1771 2324 2306 2389 imbursationem
2352 2335 2416 2388 et
2461 2325 2761 2389 ordinare
2809 2325 3271 2389 extractionem
3320 2334 3385 2388 et

506 2439 736 2505 deueta
801 2463 916 2526 pro
990 2441 1100 2504 tali
1175 2440 1376 2504 offitio
1446 2451 1512 2504 et
1566 2439 1778 2505 facere
1833 2441 1973 2505 fieri
2032 2441 2376 2506 relationes
2434 2451 2499 2505 et
2545 2441 2698 2525 alia,
2772 2452 3111 2527 propterea
3156 2461 3381 2526 oppor-

505 2567 686 2641 tuna,
739 2566 858 2621 cet.

726 2753 883 2820 129.
977 2755 1170 2819 Anno
1229 2715 1591 2840 1385(8'6),
1661 2757 1763 2819 die
1818 2763 1899 2820 10
1963 2759 2195 2820 mensis
2262 2757 2573 2820 Januarii
2639 2749 2887 2840 (Opera
2955 2754 3059 2819 del
3124 2754 3381 2818 Duomo

503 2871 652 2936 filza
697 2872 781 2936 22
831 2893 890 2957 p.
941 2865 1080 2954 (ia).

727 3012 1012 3078 Predicti
1046 3014 1340 3099 operarii,
1380 3047 1458 3057 —
1495 3014 1910 3080 actendentes
1945 3015 2028 3080 ad
2062 3016 2387 3101 quandam
2410 3015 2945 3097 reformationem,
2984 3013 3063 3078 de
3093 3015 3378 3100 presenti

504 3153 672 3195 anno
721 3140 786 3194 et
830 3153 1054 3196 mense
1097 3127 1347 3214 (mense
1374 3107 1681 3216 'preterito
1715 3131 1886 3197 wohl
1919 3129 2255 3216 richtiger)
2301 3131 2538 3196 factam
2570 3153 2686 3217 per
2718 3141 3078 3218 opportuna
3110 3129 3381 3194 consilia

504 3246 723 3334 populi
772 3257 835 3312 et
882 3247 1172 3311 comunis
1203 3246 1550 3331 Florentie‚
1601 3270 1716 3333 per
1762 3271 1954 3334 quam
2001 3249 2170 3313 inter
2217 3248 2346 3313 alia
2392 3257 2673 3331 cauetur,
2725 3247 2897 3332 quod
2944 3247 3069 3333 ipsi
3102 3246 3379 3332 operarii

500 3374 840 3428 teneantur
883 3362 1095 3427 facere
1142 3373 1550 3428 amactonare
1583 3363 2047 3428 honorabiliter
2078 3365 2358 3450 plateam
2391 3363 2795 3428 dominorum
2826 3363 3129 3450 priorum,
3184 3397 3264 3406 —-
3316 3374 3381 3427 et

502 3480 1004 3562 consideranteS,
1049 3479 1220 3566 quod
1267 3481 1438 3544 circa
1483 3479 1726 3545 dictum
1773 3503 1932 3566 opus
1969 3480 2051 3544 ad
2085 3502 2348 3565 presens
2382 3488 2481 3544 est
2512 3502 2778 3545 necesse
2812 3478 2890 3543 de
2923 3502 3050 3542 uno
3084 3477 3379 3564 prouedi-

502 3606 657 3678 tore,
709 3607 772 3660 et
805 3595 1095 3660 uolentes
1143 3595 1477 3660 intendere
1527 3595 1609 3659 ad
1657 3597 1794 3661 eius
1844 3595 2242 3680 electionem,
2300 3633 2363 3641 -
2429 3597 2760 3680 elegerunt
2806 3596 2873 3659 in
2905 3593 3379 3681 proueditorem

501 3712 583 3776 ad
642 3712 880 3777 dictam
933 3713 1213 3799 plateam
1272 3713 1766 3778 mactonandam
1817 3712 2221 3778 dominorum
2279 3713 2563 3798 priorum
2622 3735 2726 3777 ser
2779 3711 3054 3776 Romam
3106 3711 3378 3793 Bartoli,

501 3829 821 3910 notarium
851 3829 1314 3912 Florentinum,
1350 3852 1464 3915 pro
1498 3838 1783 3915 tempore
1818 3842 1880 3892 et
1912 3830 2203 3912 termino,
2241 3828 2475 3914 quibus
2510 3828 2700 3893 dictis
2734 3829 3043 3914 operariis
3074 3827 3375 3914 placebit,

501 3955 566 4009 et
598 3968 744 4009 cum
791 3945 1052 4028 salari0‚
1105 3967 1230 4030 quo
1279 3955 1342 4009 et
1389 3945 1624 4030 quibus
1673 3945 1766 4010 eis
1815 3944 2159 4028 uidebitur,
2211 3944 2557 4009 dummodo
2606 3945 2743 4010 eius
2792 3944 3061 4008 offitium
3111 3943 3381 4029 incipiat

502 4071 567 4124 et
611 4061 1237 4147 incipere‘teneatur
1283 4069 1347 4125 et
1392 4060 1625 4125 debeat
1672 4061 1775 4126 die
1827 4062 1908 4125 15
1955 4062 2277 4146 presentis
2326 4061 2567 4125 mensis
2614 4054 2929 4124 Januarii.

725 4262 883 4329 130.
980 4267 1169 4330 Anno
1219 4273 1413 4346 1386,
1463 4269 1566 4331 die
1607 4266 1802 4332 XIII
1837 4270 2067 4332 mensis
2111 4268 2367 4354 Aprilis
2412 4265 2497 4350 (a.
2548 4289 2604 4330 a.
2656 4264 2735 4331 Ο.
2782 4265 2931 4329 filza
2960 4267 3043 4330 22
3092 4287 3154 4351 p.
3193 4261 3377 4347 19b).

723 4409 886 4472 Item
960 4446 1041 4454 —
1112 4409 1386 4495 predicti
1455 4411 1729 4495 operarii
1799 4445 1883 4454 —
1957 4409 2275 4495 eligerunt
2319 4409 2357 4473 J
2368 4408 2687 4473 ohannem
2732 4408 2778 4473 J
2781 4409 2990 4473 untini
3047 4409 3111 4473 in
3172 4407 3379 4494 capud

503 4526 883 4610 magistrum
930 4525 1101 4591 dicte
1146 4526 1358 4612 platee
1404 4549 1519 4612 pro
1566 4535 1853 4612 tempore
1901 4538 1965 4589 et
2012 4526 2286 4590 termino
2334 4525 2615 4610 quinque
2662 4524 3011 4614 mensium,
3069 4524 3378 4610 incipien-

504 4641 732 4706 dorum
776 4643 844 4707 in
892 4641 1225 4708 chalendis
1257 4642 1302 4706 J
1307 4642 1458 4725 unii,
1509 4643 1802 4728 proxime
1849 4642 2123 4725 uenturi,
2176 4664 2321 4706 cum
2369 4641 2603 4706 salario
2649 4641 3036 4706 florenorum
3084 4651 3227 4706 octo
3263 4664 3378 4727 pro

505 4759 796 4843 quolibet
839 4782 1061 4825 mense
1109 4768 1228 4824 cet.
2942 4807 2954 4822 .

972 4878 1161 4940 Anno
1210 4881 1409 4956 1386,
1461 4877 1563 4939 die
1601 4877 1823 4960 pri-ma
1861 4877 2090 4937 mensis
2128 4873 2410 4938 Ottubm‘s
2457 4869 2542 4956 (a.
2578 4896 2635 4936 a.
2672 4872 2749 4938 O.
2785 4872 2933 4937 filza
2965 4874 3049 4939 23
3099 4895 3159 4960 p.
3196 4873 3377 4952 24a).

723 4991 1009 5057 Johanni
1054 4992 1098 5057 J
1103 4992 1330 5075 untini,
1381 4991 1908 5077 caputmagistro,
1983 4999 2053 5053 ut
2100 5013 2168 5054 se
2216 4989 2473 5072 asserit,
2524 4988 2605 5052 ad
2654 4999 3124 5054 amattonatum
3169 4988 3381 5074 platee

503 5106 827 5172 antedicte
873 5109 940 5171 in
986 5108 1342 5194 prestantia
1387 5131 1579 5194 super
1627 5131 1741 5174 suo
1790 5107 2057 5190 salari0‚
2131 5108 2186 5172 si
2235 5107 2481 5192 aliquid
2526 5109 2815 5194 percepit
2860 5131 2899 5172 a
2946 5107 3120 5172 dicta
3165 5129 3377 5192 opera,

508 5225 579 5288 in
626 5247 878 5289 summa
921 5223 1196 5288 florenos
1245 5226 1332 5289 20
1378 5225 1538 5289 auri.

2850 5325 2955 5380 28·
