4009 5859
1715 407 1842 472 207

196 673 210 686 ·
329 560 646 652 Bellande
686 583 826 670 (L);
886 581 1018 669 a2)
1071 585 1176 650 uia
1221 581 1409 668 (C‘?);
1473 584 1606 670 a3)
1652 586 1960 674 Phylippi
2011 586 2091 652 de
2138 585 2521 673 Magaloctis
2573 583 2798 671 (97b);
2856 553 2911 652 ’a
2934 584 3005 670 4)
3053 588 3213 653 clas-

331 725 442 768 sus
488 699 732 786 (M1?),
814 703 986 767 intra
1033 701 1238 767 dictos
1297 705 1613 788 confines,
1683 713 1746 769 et
1795 705 1850 768 si
1898 703 2009 789 qui
2055 704 2269 769 forent
2314 705 2425 769 alii
2476 704 2778 788 ueriores‚
2836 739 2909 748 —
2965 739 3047 748 —
3096 727 3212 790 pro

330 819 536 905 pretio
583 829 648 883 et
691 819 952 884 nomine
999 819 1153 884 iusti
1199 819 1390 904 pretii
1440 819 1755 884 dictarum
1803 837 2019 886 rerum
2051 831 2116 885 et
2146 822 2479 904 bonorum,
2530 821 2957 906 uenditorum,
3020 822 3209 887 libra·

329 958 472 998 rum
523 935 697 1000 7600
725 933 770 1000 f.
803 955 895 1020 p.;
947 934 1024 998 de
1073 935 1309 1020 quibus
1359 936 1638 1002 confessi
1685 937 1942 1001 fuerunt
1983 946 2047 1001 et
2079 947 2592 1022 recognouerunt
2624 937 2795 1003 dicto
2827 937 3212 1023 Aldigherio

331 1060 396 1117 et
439 1050 599 1116 mihi
645 1051 916 1134 notario,
955 1084 1037 1094 -
1081 1073 1150 1117 se
1199 1073 1348 1116 uere
1397 1063 1462 1116 et
1507 1075 1637 1116 non
1685 1075 1798 1138 spe
1847 1053 2121 1118 alicuius
2167 1053 2377 1118 future
2408 1054 2873 1119 numerationis
2906 1053 3211 1119 habuisse

331 1178 394 1232 et
439 1167 763 1253 recepisse
812 1177 931 1232 cet.

549 1283 818 1349 Eisdem
872 1307 1044 1349 anno
1101 1295 1164 1349 et
1211 1284 1592 1368 indictione,
1667 1284 1770 1350 die
1822 1287 1905 1350 14
1953 1287 2196 1350 mensis
2241 1285 2432 1370 Julii‚
2508 1295 2721 1351 actum
2768 1285 2823 1350 F
2828 1287 3096 1351 lorentie
3141 1288 3211 1351 in

328 1377 566 1486 populo
637 1401 846 1465 sancti
901 1400 1163 1465 Romuli
1222 1399 1458 1466 Bertus
1536 1400 1860 1486 quondam
1909 1398 2137 1466 Cionis
2185 1401 2444 1467 Alberti
2500 1403 2909 1489 approbauit,
2983 1403 3209 1468 confir·

329 1518 532 1582 mauit
577 1526 697 1582 cet.
790 1513 1309 1602 (Riformagioni,
1360 1518 1478 1581 atti
1527 1517 1768 1603 publici
1819 1516 1923 1582 del
1975 1519 2057 1582 19
2107 1515 2367 1603 Giugno
2415 1541 2449 1583 e
2498 1518 2602 1584 del
2653 1519 2737 1583 14
2782 1513 3068 1604 Luglio.)

553 1686 704 1753 101.
779 1689 971 1770 Anno
1005 1694 1202 1768 1345,
1254 1690 1356 1753 die
1385 1695 1425 1752 9
1460 1689 1847 1754 Decembris.
1917 1686 2052 1755 Gfr.
2104 1687 2289 1775 Gaye
2320 1689 2356 1753 I
2387 1712 2448 1775 p.
2468 1689 2619 1754 496.
2692 1687 2847 1773 (Die
2894 1687 3209 1754 Urkunde

325 1805 482 1870 fand
550 1805 659 1870 ich
728 1806 884 1870 aber
949 1804 1160 1888 nicht,
1233 1805 1448 1870 weder
1515 1805 1584 1871 in
1655 1806 1770 1870 der
1828 1805 2287 1892 angegebenen
2334 1804 2518 1870 Filza
2562 1800 2731 1888 (34),
2804 1803 2973 1869 noch
3021 1815 3211 1869 unter

330 1922 573 1986 diesem
619 1917 914 2004 Datum.)

549 2089 682 2158 102
697 2110 760 2157 a.
855 2092 1046 2156 Anno
1110 2097 1315 2174 1345,
1385 2041 1730 2157 indictione
1789 2099 1902 2172 14,
1976 2094 2081 2157 die
2134 2099 2174 2156 9
2222 2095 2453 2158 mensis
2500 2093 2867 2196 Decembris
2924 2091 3204 2178 (ProviS.

325 2209 473 2273 filza
521 2208 606 2274 34
653 2231 712 2295 p.
766 2204 952 2291 751³).

549 2342 805 2409 Petiti0.
857 2377 938 2388 ·-
990 2340 1197 2406 Vobis
1269 2341 1548 2406 dominis
1619 2342 1942 2428 prioribus
2009 2342 2245 2408 artium
2292 2352 2355 2407 et
2403 2344 2763 2409 uexillifero
2810 2345 3056 2409 iustitie
3105 2366 3207 2410 co-

324 2461 538 2525 munis
594 2470 657 2524 et
713 2459 932 2546 populi
979 2457 1032 2522 F
1036 2458 1307 2522 lorentie
1354 2469 1724 2522 reuerenter
1771 2458 2117 2545 exponit-ur
2162 2482 2275 2545 pro
2323 2471 2504 2546 parte
2553 2458 2901 2544 Guidonis,
2973 2461 3206 2547 prioris

325 2577 634 2667 secularis
694 2576 966 2641 ecclesie
1013 2576 1222 2640 sancti
1270 2573 1533 2639 Romuli
1582 2574 1660 2639 de
1707 2574 2068 2659 Florentia,
2143 2577 2316 2662 quod
2363 2576 2614 2662 pridem
2662 2577 2961 2642 dominus
3010 2574 3205 2641 Gual-

323 2703 516 2777 teruS,
565 2692 975 2758 Athenarum
1031 2693 1180 2777 dux,
1241 2703 1304 2757 et
1361 2693 1470 2779 qui
1529 2715 1598 2758 se
1646 2695 1912 2778 gerebat
1957 2715 2093 2784 pro,
2124 2704 2397 2780 tyranno
2448 2693 2803 2778 Florentie,
2877 2705 2947 2758 ut
2993 2695 3209 2780 platea

323 2811 523 2875 uestri
569 2809 792 2896 palatii
841 2809 1116 2896 amplior
1161 2811 1344 2874 fieret
1390 2820 1453 2873 et
1499 2810 1799 2896 pulcrior,
1851 2810 2097 2891 domos,
2147 2819 2481 2896 apotecam
2523 2820 2588 2874 et
2626 2810 3029 2892 cimiterium,
3081 2832 3205 2896 que

324 2927 497 2991 dicta
553 2926 830 2992 ecclesia
883 2913 1092 2992 sancti
1139 2924 1400 2990 Romuli
1448 2925 1732 2990 habebat
1777 2926 1846 2990 in
1893 2937 1957 2989 et
2003 2949 2197 3013 super
2243 2925 2416 2992 dicta
2462 2927 2676 3013 platea
2721 2926 3013 2990 comunis
3058 2924 3113 2989 F
3117 2925 3205 2990 lo-

319 3045 544 3127 rentie,
595 3044 665 3108 in
712 3066 841 3128 qua
884 3043 1098 3130 platea
1143 3051 1581 3107 constructum
1614 3051 1713 3106 est
1743 3042 2056 3128 palatium
2088 3042 2548 3128 supradictum,
2587 3042 2665 3106 de
2695 3039 2866 3106 facto
2912 3041 3202 3106 funditus

322 3158 564 3224 destrui
611 3158 792 3242 fecit,
848 3157 1124 3222 offerens
1172 3159 1352 3242 inde,
1411 3181 1480 3222 se
1529 3158 1766 3222 decens
1813 3159 2091 3244 pretium
2140 3159 2524 3242 soluturum,
2583 3158 2662 3223 de
2711 3181 2837 3245 qua
2878 3159 3203 3223 oblatione

320 3275 415 3340 nil
461 3277 717 3362 penitus
765 3274 937 3339 idem
985 3274 1206 3358 soluit3
1270 3275 1334 3338 in
1397 3275 1630 3359 quibus
1681 3274 1979 3340 domibus
2031 3275 2201 3339 dicto
2249 3286 2537 3361 tempore
2584 3274 2757 3338 idem
2802 3275 2979 3360 prior
3024 3273 3204 3338 habi-

321 3392 502 3456 tabat
548 3413 696 3456 cum
743 3390 1169 3478 cappellaniS,
1221 3391 1582 3474 canonicis,
1635 3391 1886 3456 clericis
1937 3401 2000 3454 et
2046 3391 2191 3455 aliis
2237 3391 2665 3457 familiaribus
2715 3391 2885 3455 dicte
2933 3391 3202 3455 ecclesie
3232 3367 3245 3382 ’

322 3518 386 3572 et
433 3509 601 3573 ultra
645 3507 1016 3573 habiturum
1060 3507 1420 3594 predictum
1467 3507 1618 3571 inde
1656 3508 2054 3594 percipiebat
2087 3509 2421 3572 annuatim
2464 3507 2540 3572 de
2574 3508 2884 3592 pensione
2917 3515 3199 3592 apotece,

321 3626 546 3689 subtus
594 3625 770 3710 ipsas
818 3624 1042 3689 domos
1077 3624 1448 3708 existentis,
1507 3624 1783 3713 florenos
1841 3624 1980 3687 auri
2028 3625 2114 3690 45
2174 3623 2277 3688 uel
2327 3625 2528 3707 circa3
2601 3645 2815 3708 quare,
2878 3645 3023 3686 cum
3072 3621 3201 3684 dic-

319 3751 421 3806 tus
469 3742 645 3828 prior
689 3764 821 3805 non
867 3741 1076 3828 possit
1122 3741 1368 3827 absque
1418 3741 1630 3806 anime
1680 3763 1792 3804 sue
1839 3741 2122 3826 pericolo
2170 3740 2592 3826 pertransire,
2644 3737 2818 3824 quod
2866 3736 3040 3801 dicta
3084 3759 3202 3801 sua

319 3857 596 3923 ecclesia
648 3867 898 3921 tantum
943 3858 1225 3943 patiatur
1273 3857 1763 3922 deterimentum
1813 3867 1877 3920 et
1925 3857 2303 3944 dampnum,
2378 3855 2732 3941 dignemini
2782 3853 2953 3918 dicto
3000 3853 3201 3939 priori

321 3973 473 4038 dare
543 3973 899 4058 licentiam,
974 3973 1143 4059 quod
1216 3973 1422 4059 possit
1466 3983 1791 4037 terrenum
1839 3983 1902 4035 et
1949 3971 2158 4037 solum
2204 3995 2603 4038 reassumere
2651 3970 3090 4057 supradictum
3138 3979 3203 4032 et

316 4089 734 4156 rehedificare
781 4090 1010 4155 domus
1067 4102 1130 4154 et
1174 4089 1560 4154 cimiterium
1608 4088 2071 4175 supradictum,
2124 4099 2193 4153 ut
2239 4089 2492 4175 possint
2536 4090 2673 4175 ipse
2722 4098 2787 4152 et
2832 4085 3199 4152 sacerdotes

319 4217 382 4270 et
428 4206 644 4271 clerici
694 4206 898 4294 ipsius
947 4206 1218 4271 ecclesie
1266 4205 1393 4292 ipsi
1441 4206 1712 4270 ecclesie
1763 4206 2115 4289 deseruire,
2180 4217 2315 4290 aut,
2376 4206 2432 4270 si
2479 4205 2685 4290 magis
2736 4211 2948 4267 uestre
2998 4201 3198 4264 domi-

317 4323 564 4387 nationi
610 4323 952 4409 placuerit,
1027 4357 1110 4366 —
1182 4321 1538 4408 dignemini
1600 4357 1681 4368 —-
1755 4323 2103 4405 stanciare,
2180 4362 2261 4370 -—
2334 4321 2506 4407 quod
2553 4344 2668 4407 per
2714 4342 2829 4384 uos
2878 4341 3007 4382 una
3053 4339 3200 4382 cum

317 4439 518 4504 offitio
569 4439 652 4505 12
698 4440 1018 4504 bonorum
1064 4440 1347 4503 uirorum
1399 4475 1474 4484 --
1528 4439 1850 4524 eligantur
1897 4473 1980 4483 -——
2032 4439 2231 4524 aliqui
2279 4419 2463 4524 probi
2513 4437 2663 4520 uiri,
2724 4436 2833 4521 qui
2883 4435 3015 4500 sint
3060 4433 3197 4498 offi-

317 4555 502 4621 tiales
560 4555 715 4621 dicti
773 4556 1064 4620 comunis
1122 4565 1188 4620 et
1241 4557 1490 4642 possint
1539 4591 1622 4600 -—
1670 4557 2029 4642 prouidere,
2082 4557 2394 4619 extimare
2442 4565 2505 4618 et
2554 4553 2705 4618 dare
2753 4572 2818 4617 et
2865 4552 3197 4636 assignare

318 4674 652 4758 capitaneo
701 4672 1018 4738 sotietatis
1067 4673 1254 4738 beate
1298 4672 1507 4738 Marie
1558 4673 1828 4758 uirginis
1878 4670 2021 4737 Orti
2072 4672 2279 4736 sancti
2328 4669 2689 4752 MichaeliS,
2742 4707 2823 4717 -—-
2870 4667 3198 4753 ricipienti

316 4809 430 4873 pro
481 4789 654 4854 dicta
699 4790 976 4855 ecclesia
1022 4791 1231 4854 sancti
1276 4789 1539 4855 Romuli
1599 4799 1662 4854 et
1709 4791 1922 4876 priore
1970 4797 2036 4853 et
2084 4787 2437 4874 cappelano
2484 4787 2688 4872 ipsius
2738 4785 3029 4868 ecclesie,
3080 4805 3195 4870 pro

317 4907 519 4990 pretio
568 4904 885 4971 dictarum
933 4904 1266 4972 domorum
1315 4917 1378 4971 et
1423 4907 1662 4971 terreni
1711 4915 1774 4971 et
1823 4905 2105 4991 dampni,
2159 4944 2239 4953 —
2289 4913 2477 4990 prout
2526 4913 2588 4966 et
2635 4903 2801 4967 sicut
2847 4900 3006 4987 ipsis
3054 4921 3195 4984 pro-

316 5185 438 5220 mau
474 5187 520 5224 z.
547 5169 612 5224 B.
651 5167 824 5238 nicht,
879 5185 962 5222 wo
1001 5167 1098 5222 das
1137 5167 1442 5238 Kirchspiel
1487 5183 1593 5221 von
1633 5165 1742 5222 San
1779 5166 1936 5220 Piero
1977 5164 2303 5237 Scheraggio
2342 5163 2453 5219 und
2491 5163 2589 5218 das
2626 5182 2735 5219 von
2773 5162 2881 5219 San
2918 5161 3193 5215 Florentio

317 5255 619 5327 author-ten,
657 5275 801 5327 resp.
836 5255 1159 5310 aneinander
1196 5258 1443 5312 stiessen.
