4009 5859
1797 385 1927 448 229

416 561 498 626 ad
542 584 928 644 mensuram,
979 563 1070 626 ita
1114 561 1286 648 quod
1331 584 1464 630 non
1511 561 1597 626 sit
1643 560 1888 648 aliquid
1933 561 2073 625 fieri
2122 561 2189 624 in
2239 584 2332 643 e0,
2384 561 2508 624 nisi
2560 558 2927 642 confichari,
2978 569 3041 623 et
3084 559 3302 623 omnia

415 676 562 759 alia,
613 687 974 762 opportuna
1017 700 1131 763 pro
1181 677 1369 742 dictis
1420 679 1597 743 tettis
1646 689 1710 743 et
1755 677 2034 764 palchis3
2108 687 2173 742 et
2231 676 2471 741 debent
2517 675 2754 740 habere
2803 674 2959 739 dicti
3007 675 3299 760 magistri

417 794 496 858 de
543 793 832 879 quolibet
876 793 1141 859 brachio
1189 793 1562 880 palchorum
1620 794 1864 860 solidos
1913 795 1952 859 2
1995 802 2084 860 ‘et
2141 792 2440 859 denarios
2500 793 2539 858 2
2588 792 2631 856 f.
2666 815 2726 878 p.
2777 802 2842 856 et
2887 790 2967 856 de
3014 791 3303 876 quolibet

416 908 682 974 brachio
731 910 874 974 tetti
921 909 1164 975 solidos
1212 911 1252 974 2
1303 909 1381 975 de
1428 912 1776 976 maisteriO.

639 1026 807 1091 Item
853 1024 1088 1090 habere
1137 1026 1377 1091 debent
1431 1049 1545 1112 pro
1602 1037 1773 1092 tecto
1832 1027 2123 1110 ecclesie,
2197 1027 2305 1112 qui
2368 1027 2507 1090 fieri
2569 1025 2777 1108 debet,
2834 1025 3191 1111 regolatum
3239 1033 3303 1089 et

417 1142 754 1228 piallatum
821 1152 885 1207 et
938 1165 1069 1207 non
1127 1142 1594 1209 inbossolatum
1666 1143 1826 1208 illud
1886 1143 2226 1228 legnamen
2288 1152 2352 1207 et
2407 1143 2568 1207 alias
2615 1165 2739 1226 res,
2800 1152 3191 1228 opportunas
3240 1151 3304 1205 et

419 1260 855 1345 expedienteS,
929 1259 1082 1324 dum
1151 1269 1368 1324 tamen
1435 1260 1778 1344 legnamen
1837 1261 1922 1324 sit
1981 1270 2293 1344 segatum,
2357 1259 2827 1345 spiallaciatum
2874 1268 2938 1322 et
2984 1257 3301 1342 digrossa-

417 1387 553 1442 tum
602 1376 684 1441 ad
730 1399 1129 1459 mensuram3
1187 1387 1253 1440 et
1305 1375 1545 1440 habere
1605 1375 1844 1441 debent
1890 1376 1971 1441 de
2018 1376 2346 1441 maisterio
2394 1399 2507 1462 pro
2557 1376 2846 1461 quolibet
2892 1375 3155 1440 brachio
3205 1397 3304 1440 so·

418 1494 586 1558 lidos
633 1495 695 1578 4,
747 1493 1046 1558 denarios
1093 1494 1137 1557 4
1182 1492 1226 1557 f.
1261 1515 1322 1578 p.

641 1609 809 1674 Item
858 1609 1096 1674 debent
1144 1608 1297 1674 dicti
1346 1609 1640 1694 magistri
1688 1609 1862 1674 dicta
1907 1610 2229 1674 laboreria
2272 1609 2485 1675 facere
2532 1611 2716 1694 bene,
2766 1620 2956 1690 recte,
2995 1631 3139 1672 cum
3172 1630 3303 1672 om·

419 1727 612 1792 nibus
683 1727 866 1790 uanis
937 1736 1284 1812 portarum,
1357 1725 1714 1809 archorum,
1786 1725 2200 1811 fenestarum,
2273 1725 2649 1810 hostiorum,
2724 1725 3172 1811 sportellorum
3240 1731 3305 1786 et

421 1841 804 1925 schalarum,
857 1852 926 1906 ut
970 1865 1087 1928 per
1134 1842 1727 1928 capudmagistrum
1774 1842 1961 1908 offitii
2008 1842 2132 1908 fuit
2179 1854 2509 1908 ostensum
2558 1854 2677 1907 cet.

646 2043 798 2113 139.
869 2047 1058 2112 Anno
1109 2054 1284 2112 1387
1316 2044 1481 2131 (88),
1528 2050 1872 2114 indictione
1920 2057 2026 2130 11,
2076 2051 2178 2113 die
2226 2048 2333 2112 IV
2364 2051 2595 2112 mensis
2638 2047 2982 2112 Februarii
3025 2041 3110 2130 (a.
3138 2069 3195 2110 a.
3222 2043 3301 2110 Ο.

420 2162 571 2227 filza
601 2164 686 2228 25
735 2186 796 2250 p.
837 2159 975 2246 7a).

599 2306 764 2371 Item
815 2340 898 2351 -
949 2306 1488 2392 deliberauerunt,
1540 2308 1711 2395 quod
1758 2310 2004 2374 locetur
2061 2308 2451 2374 laborerium
2510 2316 2574 2373 et
2633 2331 2747 2374 seu
2797 2307 3092 2372 conciam
3138 2305 3305 2370 muri

420 2422 630 2507 platee
701 2423 1104 2488 dominorum
1175 2425 1458 2510 priorum
1529 2448 1674 2490 cum
1742 2425 2068 2512 lapidibus
2126 2435 2190 2490 et
2245 2426 2629 2490 cantonibus
2687 2425 3000 2510 bugnosis
3070 2435 3135 2488 et
3188 2446 3303 2489 seu

422 2540 764 2624 spugnosis
813 2549 878 2603 et
923 2539 1088 2624 aliis,
1137 2550 1326 2626 prout
1373 2541 1799 2607 deliberatum
1844 2541 1968 2606 fuit
2016 2566 2131 2628 per
2177 2542 2471 2607 dominos
2520 2543 2783 2628 prioreS,
2834 2563 3005 2604 nunc
3050 2538 3130 2603 ad
3164 2560 3302 2624 pre-

423 2677 573 2719 sens
622 2655 1002 2738 existentes;
1053 2665 1118 2720 et
1165 2679 1239 2721 eo
1289 2657 1480 2722 modo
1527 2667 1592 2722 et
1635 2657 1858 2740 forma,
1909 2669 2099 2744 prout
2145 2657 2519 2744 designatur
2556 2681 2672 2744 per
2702 2656 3207 2742 capomagistros
3240 2665 3305 2719 et

423 2771 766 2856 magistros
816 2772 985 2836 dicte
1018 2795 1208 2859 opere
1239 2772 1580 2838 Johanni
1613 2774 1960 2859 Bardini,
2012 2785 2287 2840 uocato
2320 2774 2672 2857 Barullo,
2722 2783 2787 2837 et
2822 2773 3005 2838 sotiis
3040 2811 3122 2820 —-
3158 2794 3304 2835 cum

423 2886 849 2974 infrascriptis
897 2889 1160 2974 preciis3
1213 2889 1516 2955 uidelicet
1561 2890 1641 2956 ad
1691 2893 2005 2956 rationem
2055 2891 2406 2956 solidorum
2443 2893 2519 2955 11
2572 2901 2637 2955 et
2674 2889 3078 2954 denariorum
3112 2889 3156 2952 4
3186 2912 3301 2974 pro

423 3003 712 3088 quolibet
757 3003 1058 3069 bracchio
1107 3005 1382 3091 quadr03
1456 3017 1520 3071 et
1578 3007 1749 3092 quod
1810 3009 1878 3072 in
1935 3008 2224 3094 qualibet
2284 3006 2598 3073 edomada
2644 3006 2876 3071 debeat
2918 3005 3151 3070 fecisse
3201 3003 3303 3068 uel

422 3118 562 3183 fieri
608 3117 843 3184 fecisse
890 3119 1100 3186 dictus
1145 3119 1482 3188 Johannes
1530 3123 1834 3188 bracchia
1880 3126 1968 3200 80
2016 3123 2261 3210 quadra
2306 3123 2389 3188 ad
2436 3123 2650 3189 minus
2699 3123 2819 3187 sub
2867 3144 3035 3208 pena
3080 3128 3200 3185 cet.

645 3236 774 3302 Die
819 3245 862 3300 5
908 3241 1137 3302 mensis
1183 3239 1527 3304 Februarii
1568 3236 1652 3324 (a.
1689 3264 1747 3306 a.
1781 3238 1858 3306 Ο.
1909 3264 1970 3327 p.
2006 3236 2147 3324 8a).

644 3352 930 3418 Johanni
978 3354 1274 3439 Bardini,
1325 3357 1633 3442 magistro
1649 3409 1665 3440 ‚
1719 3357 1786 3422 in
1831 3366 2054 3422 mutuo
2101 3380 2217 3443 pro
2265 3358 2488 3422 concio
2537 3355 2841 3443 lapidum,
2892 3353 3064 3440 quod
3112 3353 3305 3417 debet

420 3467 631 3534 facere
676 3470 816 3535 fieri
863 3470 946 3534 ad
991 3471 1274 3556 plateam
1319 3472 1744 3557 dominorum,
1797 3514 1878 3522 —
1926 3473 2129 3538 libras
2177 3475 2265 3539 50
2309 3473 2351 3538 f.
2388 3497 2449 3560 p.

645 3584 724 3650 In
769 3583 896 3649 Dei
945 3587 1204 3652 nomine
1251 3611 1456 3672 amen,
1531 3613 1700 3654 anno
1749 3589 1992 3655 domini
2058 3597 2230 3654 1387
2263 3585 2429 3674 (88),
2501 3592 2845 3654 indictione
2888 3587 3016 3666 XI,
3090 3589 3191 3650 die
3260 3593 3299 3648 8

422 3705 650 3766 mensis
696 3701 1039 3767 Februarii
1081 3699 1166 3787 (a.
1194 3728 1250 3769 a.
1279 3704 1357 3770 Ο.
1407 3728 1468 3791 p.
1503 3701 1646 3786 8b).

646 3819 930 3905 Jacopus
979 3820 1303 3905 quondam
1351 3818 1532 3886 Gerii
1580 3821 1660 3886 de
1707 3821 2022 3905 RisalitiS,
2074 3823 2293 3909 populi
2342 3823 2547 3888 sancti
2594 3819 2878 3886 Simonis
2930 3819 3008 3885 de
3040 3819 3302 3884 Floren-

425 3933 534 4018 tia,
605 3935 901 4020 prouisor
966 3935 1135 4000 dicte
1202 3958 1413 4022 opere,
1486 3960 1600 4023 pro
1673 3939 1813 4004 uice
1873 3948 1938 4004 et
2000 3939 2261 4003 nomine
2308 3939 2478 4004 dicte
2526 3961 2717 4025 opere
2762 3937 3002 4001 locauit
3047 3945 3112 4000 et
3156 3958 3303 4000 con-

426 4049 621 4115 cessit
666 4060 784 4115 cet.
835 4046 1006 4133 (sic).

423 4165 1137 4250 JohanniBardini,
1166 4179 1426 4234 vocato
1449 4169 1762 4235 Barullo
1856 4171 2157 4237 omnibus
2204 4171 2422 4257 populi
2468 4180 2689 4235 sancte
2742 4168 2948 4233 Marie
2981 4167 3059 4231 de
3094 4163 3301 4252 Septi-

425 4279 686 4366 Pagno
733 4282 1138 4348 Niccholai
1189 4295 1253 4349 et
1857 4309 2069 4371 gnano
2096 4287 2385 4352 comunis
2404 4285 2748 4368 Florentie,
2775 4283 3020 4348 ibidem
3044 4305 3301 4368 presen-

425 4397 470 4461 J
484 4397 774 4463 ohanni
819 4399 1216 4483 Benoccii,
1493 4459 1500 4464 .
1855 4402 2030 4467 tibus
2077 4412 2141 4466 et
2187 4399 2713 4484 conducentibus,
2764 4440 2846 4450 -
2884 4435 2967 4444 --
3009 4399 3303 4463 concium

427 4512 752 4597 quoddam
819 4513 1107 4600 lapidum
1167 4517 1604 4601 bugnosorum
1651 4527 1716 4582 et
1772 4540 1886 4582 seu
1933 4540 2402 4604 spugnosorum
2451 4515 2530 4581 de
2578 4539 2791 4600 muro,
2848 4514 3063 4581 fiendo
3112 4537 3305 4601 super
3390 4511 3395 4516 ’

425 4629 707 4714 plateam
777 4630 1180 4695 dominorum
1227 4632 1537 4717 priorum,
1611 4655 1687 4697 eo
1732 4632 1923 4699 modo
1973 4644 2038 4698 et
2082 4633 2314 4716 forma,
2386 4642 2576 4719 prout
2622 4643 2721 4698 est
2766 4633 3120 4718 inceptum,
3185 4653 3301 4717 pro

425 4754 714 4830 tempore
761 4754 825 4809 et
869 4748 1142 4811 termino
1175 4757 1475 4832 quattuor
1505 4749 1842 4832 mensium,
1888 4749 2349 4814 initiandorum
2382 4749 2487 4814 die
2518 4748 2658 4814 XII
2688 4749 2931 4814 mensis
2962 4748 3303 4814 Februarii

427 4859 700 4946 predicti
757 4869 822 4924 et
873 4861 1323 4946 finiendorum,
1386 4873 1459 4927 ut
1514 4865 1830 4949 sequitur3
1892 4865 2285 4951 promictens
2347 4865 2556 4930 dictus
2602 4865 2846 4930 locator
2893 4865 3035 4928 uice
3082 4873 3145 4928 et
3191 4885 3301 4928 no-

427 4976 600 5040 mine
658 4974 828 5039 dicte
886 4999 1076 5062 opere
1132 4976 1321 5042 dictis
1371 4978 1866 5046 conductoribus
1926 5020 2011 5029 —
2072 4980 2322 5046 soluere
2370 5015 2451 5025 —
2502 5003 2618 5066 pro
2667 4980 2955 5066 quolibet
2999 4978 3301 5044 bracchio

427 5089 671 5175 quadro
720 5089 876 5154 dicti
921 5092 1130 5156 concii
1176 5093 1416 5159 solidos
1468 5096 1545 5158 11
1597 5105 1662 5159 et
1708 5095 2003 5161 denarios
2052 5098 2096 5161 4
2139 5095 2181 5161 f.
2215 5120 2277 5183 p.
2332 5131 2415 5140 —
2461 5131 2544 5140 —-
2590 5096 2679 5161 Et
2724 5119 2759 5161 e
2807 5116 3116 5160 conuerso
3164 5116 3301 5179 pre·

427 5205 583 5270 dicti
632 5204 1051 5272 conductores
1101 5242 1184 5252 —
1230 5211 1663 5294 promiserunt
1711 5245 1793 5255 —-
1842 5211 2085 5276 dictum
2154 5213 2449 5276 concium
2506 5213 2672 5277 bene
2727 5213 3020 5276 laborare
3076 5208 3159 5274 ad
3206 5232 3301 5274 ar-
