4009 5859
1891 399 2019 466 257

516 580 684 645 ultra
727 601 890 665 eam,
941 602 1063 666 que
1109 603 1226 666 pro
1271 579 1416 666 ipsa
1460 577 1712 644 fabrica
1758 579 1841 643 ad
1887 601 2154 664 presens
2204 578 2525 664 expediat,
2576 588 2640 643 et
2685 577 2857 664 quod
2902 579 3149 666 absque
3194 579 3393 666 impe-

517 694 802 761 dimento
873 718 1063 782 opere
1135 695 1303 760 dicte
1372 695 1617 760 fabrice
1676 704 1889 781 potest
1942 694 2023 758 de
2077 694 2223 780 ipsa
2267 694 2543 779 pecunia
2588 695 3052 779 opportunitati
3101 698 3393 762 comunis

515 809 842 876 Florentie
891 813 1063 876 circa
1107 811 1566 898 perfectionem
1611 810 2023 896 infrascripte
2069 810 2239 895 logie
2271 809 2625 891 subueniri,
2674 809 2899 875 habita
2945 845 3029 858 --
3079 811 3392 879 delibera-

515 927 690 992 tione
736 927 1177 1013 prouiderunt,
1227 927 1690 992 ordinauerunt
1735 936 1800 991 et
1846 926 2371 990 deliberauerunt
2416 925 2520 988 die
2565 923 2773 989 ΧΧΠ
2817 927 3060 992 mensis
3104 923 3394 1014 Septem-

516 1043 652 1107 bris
706 1066 877 1108 anno
926 1042 1168 1108 domiui
1223 1044 1426 1126 1376,
1497 1041 1852 1108 indictione
1898 1041 2048 1125 XV,
2120 1041 2294 1126 quod
2340 1040 2667 1124 offitialeS,
2740 1042 3094 1108 secundum
3141 1045 3394 1110 ordina-

516 1169 736 1223 menta
803 1160 1097 1224 comunis
1155 1158 1486 1223 Florentie
1556 1159 1844 1245 deputati
1916 1168 1982 1222 et
2039 1155 2392 1243 deputandi
2460 1155 2543 1220 ad
2614 1179 2875 1243 operam
2922 1180 3037 1224 seu
3080 1159 3395 1226 fabricam

517 1275 788 1339 ecclesie
835 1275 1168 1361 prelibate,
1218 1274 1663 1360 intelligantur
1709 1297 1853 1338 esse
1901 1285 1966 1338 et
2013 1275 2146 1338 sint
2194 1272 2576 1338 durantibus
2624 1263 2851 1338 offitiis
2879 1276 3167 1360 ipsorum
3199 1279 3396 1343 etiam

518 1390 818 1455 offitiales
882 1393 1173 1457 comunis
1232 1400 1296 1456 et
1349 1414 1464 1478 pro
1513 1391 1770 1456 comuni
1817 1389 1870 1453 F
1875 1390 2147 1455 lorentie
2195 1389 2279 1454 ad
2324 1388 2782 1475 perfectionem
2829 1399 2893 1454 et
2940 1392 3112 1457 circa
3155 1393 3395 1480 perfec-

439 1525 444 1529 ·
518 1493 761 1570 tionem
823 1506 992 1592 logie
1045 1508 1339 1572 comunis
1385 1505 1740 1590 Florentie,
1808 1505 2109 1570 inchoate
2162 1527 2361 1591 prope
2418 1504 2729 1591 palatium
2772 1503 2898 1590 (sic
2941 1506 3042 1572 fiir
3086 1508 3397 1595 plateam)

517 1621 744 1706 palatii
796 1623 1019 1709 populi
1065 1622 1455 1707 morentini,
1516 1644 1849 1709 quousque
1895 1622 2042 1708 ipsa
2086 1621 2271 1706 logia·
2302 1620 2497 1685 fuerit
2542 1621 2885 1707 completa3
2944 1633 3009 1688 et
3054 1624 3137 1688 ad
3180 1627 3397 1712 ipsum

519 1736 795 1802 offitium
851 1737 1141 1825 deputati
1186 1762 1302 1826 pro
1349 1747 1637 1825 tempore
1684 1749 1750 1802 et
1794 1760 1909 1824 per
1955 1746 2211 1823 tempus
2258 1737 2449 1802 unius
2499 1738 2652 1801 anni
2698 1738 2981 1824 uenturi,
3041 1740 3395 1828 incipiendi

519 1876 558 1917 a
605 1852 726 1938 die,
777 1878 904 1940 quo
951 1878 1218 1942 presens
1265 1856 1550 1942 prouisio
1599 1855 1956 1940 approbata
1999 1852 2195 1917 fuerit
2238 1854 2307 1917 in
2356 1853 2627 1918 consilio
2675 1851 2921 1918 domini
2963 1856 3299 1941 potestatis
3330 1867 3397 1920 et

521 1971 812 2036 comunis
845 1971 898 2034 F
902 1971 1192 2057 lorentie,
1244 1980 1307 2036 et
1353 1972 1552 2037 etiam
1595 1995 1710 2058 pro
1749 1971 2038 2035 ulteriori
2070 1979 2376 2056 tempore,
2426 1979 2668 2056 quanto
2701 1969 3167 2038 deliberabitur
3198 1975 3399 2038 semel

521 2109 634 2151 seu
685 2083 928 2173 pluries
991 2099 1055 2153 et
1111 2089 1408 2174 quotiens
1455 2111 1571 2175 per
1619 2087 1914 2153 dominos
1961 2086 2207 2172 priores
2256 2087 2494 2150 artium
2540 2095 2604 2150 et
2649 2086 2997 2152 uexilliferi
3040 2088 3286 2154 iustitie
3333 2099 3399 2154 et

519 2185 994 2288 gonfalonerios
1049 2205 1422 2269 sotietatum
1476 2213 1541 2268 et
1597 2205 1681 2270 12
1728 2204 1934 2269 bonos
1989 2203 2167 2267 uiros
2222 2203 2514 2266 comunis
2569 2201 2870 2288 predicti3
2929 2205 3042 2289 qui
3096 2204 3397 2271 offitiales

520 2329 584 2383 et
631 2318 752 2384 due
801 2330 1014 2406 partes
1063 2343 1283 2385 eorum
1328 2319 1582 2406 possint
1626 2329 1691 2383 et
1721 2327 2063 2383 teneantur
2095 2328 2159 2382 et
2191 2317 2470 2382 debeant
2501 2317 2673 2382 circa
2702 2317 3157 2402 perfectionem
3192 2321 3396 2406 ipsius

518 2435 732 2519 loggie
776 2435 1112 2500 intendere
1161 2434 1506 2522 diligenter
1553 2444 1617 2500 et
1661 2437 1872 2521 ipsam
1917 2433 2201 2519 loggiam
2242 2433 2453 2499 facere
2485 2433 2706 2520 perfici
2740 2443 2803 2497 et
2834 2436 3141 2521 compleri
3174 2458 3397 2501 secun-

521 2550 674 2615 dum
721 2551 1239 2637 deliberationes,
1289 2552 1602 2617 hactenus
1647 2552 1872 2635 factaS,
1924 2573 2040 2616 seu
2086 2573 2209 2636 que
2256 2550 2326 2614 in
2373 2549 2655 2615 futurum
2699 2551 2930 2615 fierent
2978 2561 3097 2616 cet.

747 2753 845 2822 11.
937 2727 1130 2824 Anno
1177 2763 1376 2839 1377,
1423 2759 1769 2822 indictione
1814 2764 1879 2838 1,
1929 2757 2033 2820 die
2069 2761 2153 2820 22
2202 2757 2435 2820 mama
2486 2753 2770 2820 onum
2815 2750 3094 2837 (Provis.
3129 2756 3279 2823 filza
3310 2759 3397 2826 66

521 2895 582 2958 p.
635 2873 758 2939 177
776 2896 830 2958 a,
858 2869 950 2959 b).

744 3011 1015 3083 Petitio:
1088 3015 1217 3082 Pro
1286 3029 1468 3104 parte
1538 3018 1976 3104 operariorum
2042 3015 2289 3080 fabrice
2346 3013 2614 3079 ecclesie
2671 3023 2894 3079 sancte
2939 3014 3261 3102 Reparate
3317 3017 3397 3082 de

474 3155 482 3162 ·
520 3129 852 3198 Florentia
903 3144 1276 3199 reuerenter
1321 3134 1666 3220 exponitur
1713 3131 1898 3197 uobis
1947 3131 2226 3196 dominis
2275 3131 2597 3217 prioribus
2646 3133 2878 3196 artium
2926 3140 2990 3196 et
3035 3133 3397 3200 uexillifero

521 3246 764 3312 iustitie
807 3249 1030 3336 populi
1076 3259 1141 3315 et
1188 3251 1481 3316 comunis
1529 3249 1876 3333 Florentie,
1927 3249 2103 3334 quod
2147 3249 2437 3334 pecunie,
2486 3247 2797 3314 hactenus
2842 3271 2961 3335 per
3006 3249 3248 3316 dictum
3296 3275 3397 3318 co-

524 3387 715 3430 mune
770 3365 1072 3453 deputate
1118 3367 1202 3432 ad
1248 3367 1566 3434 fabricam
1623 3365 2079 3453 supradictam,
2141 3374 2204 3428 et
2258 3363 2547 3428 redditus
2606 3375 2669 3429 et
2713 3359 3399 3453 prouentus‘ipsarum

521 3481 939 3567 pecuniarum
1004 3493 1156 3548 sunt
1224 3481 1384 3548 adeo
1456 3483 1757 3547 diminuti
1827 3491 1965 3546 tum
2030 3489 2293 3567 propter
2352 3479 2735 3544 conductam
2797 3482 3266 3568 stipendiorum
3316 3477 3399 3550 ad

523 3595 789 3681 lancias,
839 3607 976 3662 tum
1020 3608 1283 3686 propter
1332 3597 1824 3663 diminutionem
1871 3597 2273 3682 introytuum
2320 3595 2612 3660 comunis
2654 3595 2709 3660 F
2712 3596 2984 3663 lorentie
3032 3607 3095 3663 et
3146 3622 3397 3666 camere

525 3710 682 3776 dicti
731 3714 1022 3780 comunis
1070 3724 1135 3779 et
1179 3715 1326 3780 aliis
1373 3714 1666 3801 pluribus
1716 3713 1956 3797 causis3
2008 3723 2073 3778 et
2113 3710 2286 3798 quod
2316 3712 2510 3777 etiam
2543 3735 2845 3799 expense,
2896 3726 3249 3801 opportune
3279 3740 3397 3803 pro

521 3829 772 3894 fabrica
815 3831 1202 3917 supradicta,
1253 3839 1405 3896 sunt
1451 3831 1610 3895 adeo
1659 3853 1890 3915 magne
1939 3838 2004 3894 et
2050 3829 2246 3893 etiam
2292 3838 2551 3915 propter
2596 3851 2689 3913 ea,
2741 3851 2865 3914 que
2906 3829 2975 3894 in
3006 3830 3397 3916 perfectione

521 3943 736 4031 loggie
791 3945 947 4010 dicti
1005 3947 1296 4012 comunis
1343 3946 1588 4012 habent
1634 3945 2026 4032 expendere,
2100 3953 2252 4010 sunt
2296 3943 2455 4009 adeo
2503 3931 2939 4029 augmentate‚
3014 3946 3185 4031 quod
3230 3946 3398 4013 male

521 4071 735 4148 potest
781 4085 934 4148 erga
980 4063 1459 4150 expeditionem
1504 4060 1939 4147 predictorum
1985 4059 2246 4146 procedi
2294 4059 2658 4144 efficaciter,
2719 4068 2791 4124 ut
2840 4060 3127 4144 deberet3
3199 4085 3399 4149 quare

524 4178 607 4242 ob
651 4178 1082 4242 reuerentiam
1126 4175 1255 4244 Dei
1302 4187 1366 4242 et
1409 4179 1598 4244 beate
1643 4177 1850 4242 Marie
1897 4178 2198 4262 uirginis,
2259 4176 2484 4241 matris
2532 4199 2664 4260 sue,
2717 4187 2781 4241 et
2824 4177 3019 4242 beate
3055 4175 3394 4264 Reparate‚

525 4317 715 4379 quam
779 4297 973 4360 etiam
1029 4318 1146 4382 pro
1201 4295 1444 4360 honore
1509 4293 1728 4382 populi
1787 4305 1850 4359 et
1907 4294 2199 4359 comunis
2244 4294 2297 4358 F
2301 4293 2598 4375 lorentie,
2666 4292 2918 4378 placeat
2972 4291 3399 4358 dominationi

528 4419 736 4474 uestre
801 4419 1156 4497 opportune
1211 4410 1581 4497 prouidere,
1657 4446 1740 4455 —
1812 4409 1983 4496 quod
2032 4408 2232 4474 saluis
2280 4419 2344 4474 et
2386 4391 2601 4474 firmis*
2638 4409 3049 4474 manentibus
3099 4409 3399 4475 omnibus

529 4525 637 4588 alii
700 4522 824 4609 (sic
869 4526 972 4591 fiir
1019 4523 1194 4611 aliis)
1263 4527 1765 4612 assignamentis
1828 4549 1941 4590 seu
1988 4524 2541 4612 deputationibuS‚
2615 4523 2925 4591 hactenus
2971 4523 3159 4588 factis
3208 4547 3399 4611 opere

526 4640 768 4706 fabrice
821 4643 1152 4728 prelibate,
1204 4666 1427 4708 omnes
1476 4652 1541 4707 et
1587 4643 1825 4730 singuli
1872 4641 1994 4726 illi,
2048 4641 2158 4728 qui
2207 4641 2508 4726 deinceps
2554 4663 2671 4726 per
2716 4663 2786 4705 se
2833 4638 2938 4706 uel
2984 4639 3211 4725 alium,
3285 4664 3399 4706 seu

528 4779 642 4843 pro
691 4779 814 4842 quo
864 4759 966 4823 uel
1013 4759 1458 4845 quibus'alius
1506 4759 1613 4824 uel
1659 4759 1770 4823 alii
1820 4758 2192 4822 liberabunt
2238 4780 2352 4822 seu
2398 4756 2739 4821 absoluent
2769 4777 3039 4821 comune
3069 4753 3400 4822 Florentie

528 4872 630 4935 uel
678 4871 976 4958 aliquem,
1026 4897 1141 4960 pro
1190 4873 1361 4940 dicto
1404 4875 1663 4939 comuni
1692 4874 2131 4960 recipientem,
2184 4871 2262 4937 de
2295 4873 2512 4957 aliqua
2542 4872 2900 4958 quantitate
2930 4872 3221 4960 pecunie,
3272 4873 3401 4938 sibi

529 4988 748 5054 debita
791 5011 905 5074 per
937 5010 1205 5055 comune
1236 4990 1565 5056 Florentie
1611 4990 1681 5053 in
1729 4989 1944 5074 aliquo
1993 5012 2075 5053 ex
2122 4989 2448 5053 montibus
2498 4988 2655 5053 dicti
2703 4989 3013 5073 comuniS,
3063 5011 3179 5074 pro
3227 5011 3400 5054 asse·

529 5102 783 5189 quendo
853 5105 1241 5170 beneficium
1308 5106 1795 5171 cancellationis
1862 5127 1978 5169 seu
2030 5105 2403 5171 abolitionis
2450 5105 2725 5170 alicuius
2773 5104 3395 5191 condempnationis

530 5218 610 5284 de
657 5242 726 5284 se
771 5219 878 5284 uel
923 5219 1050 5285 alio
1095 5219 1264 5285 facte
1309 5244 1424 5308 per
1471 5221 1750 5306 aliquem
1797 5229 2114 5285 rectorem
2159 5230 2223 5285 et
2268 5243 2383 5288 seu
2428 5220 2764 5286 offitialem
2811 5220 3103 5286 comunis
3133 5218 3400 5285 Floren-

635 5325 800 5376 Froy‚
829 5323 901 5362 die
928 5325 1096 5372 Loggia
1121 5324 1193 5363 del
1219 5323 1410 5373 signori.
2871 5323 2943 5378 33
