4009 5859
1834 410 1955 472 151

450 583 843 668 solenpniter
891 585 1217 648 concessis
1266 582 1528 667 eisdem,
1579 584 2017 670 prouiderunt,
2069 585 2529 651 ordinauerunt
2575 598 2640 652 et
2669 591 3088 654 firmauerunt
3119 631 3205 639 —
3241 629 3324 639 -

446 697 636 782 quod,
685 707 757 763 ut
801 698 1158 784 amplitudo
1207 698 1377 763 dicte
1425 699 1637 784 platee
1683 699 1767 763 ad
1814 699 2072 765 laudem
2119 701 2243 766 Dei
2279 712 2344 766 et
2380 704 2549 767 beati
2580 702 2902 768 Johannis
2933 705 3231 789 Baptiste
3264 714 3328 770 et

447 812 740 878 decorem
793 814 1066 878 ecclesie
1124 814 1446 879 antedicte
1502 825 1567 878 et
1612 813 1921 879 honorem
1968 815 2330 881 Florentini
2376 817 2597 904 populi
2646 821 2959 884 sorciatur
3006 819 3321 904 effectum,

446 938 511 992 et
542 927 701 993 dicti
733 928 1075 1015 hospitalis
1106 929 1333 1014 religio
1366 953 1497 994 non
1532 929 1832 1013 defficiat,
1884 931 1999 996 sed
2031 933 2098 996 in
2133 955 2277 996 eum
2309 928 2528 1017 (evum
2558 930 2870 1018 (Provis.)
2903 934 3135 1019 uigeat,
3171 936 3326 1000 iam-

447 1041 689 1108 dictum
735 1044 1053 1131 hospitale
1092 1045 1315 1127 reffici,
1352 1047 1636 1110 construi
1664 1056 1736 1114 et
1765 1048 1990 1132 reponi
2023 1046 2255 1112 debeat
2289 1069 2432 1112 cum
2465 1049 2598 1116 suis
2633 1047 2949 1133 domibuS,
3001 1049 3083 1114 ad
3115 1051 3327 1136 ipsum

443 1157 762 1244 hospitale
794 1160 1346 1243 conuenientibuS,
1382 1163 1684 1246 expensis
1719 1163 2008 1228 comunis
2041 1161 2096 1226 F
2098 1163 2368 1227 lorentie
2401 1172 2464 1228 et
2495 1163 2750 1228 decenti
2782 1164 2972 1230 modo
3005 1175 3070 1229 et
3098 1165 3321 1249 forma,

446 1274 679 1359 quibus
726 1273 1009 1339 uiderint
1054 1277 1396 1340 conuenire
1443 1276 1773 1360 officialeS,
1825 1301 2091 1342 numero
2139 1301 2253 1342 sex
2300 1280 2518 1363 positi,
2567 1302 2681 1344 seu
2713 1281 2824 1365 qui
2857 1281 3224 1346 successiue
3254 1282 3324 1344 in

443 1389 727 1454 futurum
774 1389 1093 1475 eligantur
1131 1386 1477 1476 (eligentur
1518 1391 1797 1472 Provis.)
1846 1416 1961 1478 pro
2011 1396 2266 1458 comuni
2317 1394 2621 1460 iamdicto
2673 1419 2865 1480 super
2918 1397 3168 1460 iuribus
3225 1419 3324 1460 co-

444 1505 657 1570 munis
690 1506 1167 1571 reinueniendis
1217 1515 1281 1570 et
1326 1506 1800 1593 recuperandiS,
1850 1532 1967 1595 per
2013 1531 2176 1594 quos
2218 1509 2478 1594 quidem
2511 1519 2576 1575 et
2607 1533 2827 1575 eorum
2858 1511 3144 1575 officium
3174 1511 3324 1576 talis

448 1619 732 1685 reffectio
804 1631 867 1685 et
935 1623 1327 1686 constructio
1397 1622 1713 1688 dictorum
1782 1623 2124 1710 hospitalis
2195 1636 2259 1688 et
2306 1624 2640 1690 domorum
2700 1626 2838 1691 eius
2884 1628 3213 1710 procurari
3261 1636 3325 1691 et

448 1734 703 1799 effectui
750 1734 1124 1800 demandari
1172 1736 1404 1802 debeat
1452 1739 1643 1802 celeri
1690 1737 1924 1804 studio.
2018 1739 2105 1805 Et
2149 1741 2294 1826 ipsa
2339 1740 2623 1805 reffectio
2672 1752 2737 1806 et
2770 1743 3161 1808 constructio
3209 1743 3326 1807 fiat

449 1859 513 1913 et
556 1850 697 1914 fieri
747 1851 978 1916 debeat
1024 1875 1217 1938 super
1261 1853 1465 1938 ipsius
1514 1854 1803 1919 comunis
1854 1855 1991 1920 solo
2041 1867 2105 1920 et
2150 1865 2403 1921 terreno
2436 1857 2744 1942 predicto.
2835 1855 3024 1938 Quod
3060 1857 3322 1944 quidem

446 1975 771 2030 terrenum
828 1979 892 2031 et
951 1969 1160 2032 solum
1218 1991 1364 2032 cum
1421 1992 1603 2033 muro
1658 1969 1991 2053 iamdictO,
2050 1972 2234 2036 iuxta
2287 1973 2500 2058 ipsum
2554 1981 2882 2036 terrenum
2941 1964 3150 2057 posito
3164 2024 3180 2056 ,
3244 1996 3324 2037 ex

444 2103 615 2145 nunc
664 2081 849 2146 cedat
896 2092 959 2147 et
1006 2083 1232 2148 cedere
1280 2083 1513 2150 debeat
1558 2085 1865 2171 hospitali
1910 2086 2200 2171 predicto
2250 2097 2314 2151 et
2345 2088 2432 2152 sit
2474 2096 2538 2151 et
2568 2110 2712 2152 esse
2745 2087 2978 2152 debeat
3007 2089 3076 2152 in
3110 2088 3323 2152 locum

446 2205 511 2259 et
554 2199 1222 2282 recompensationem
1267 2200 1505 2264 terreni
1555 2209 1619 2264 et
1666 2200 1806 2283 soli,
1861 2200 1970 2265 ubi
2018 2211 2158 2266 erat
2203 2201 2446 2268 dictum
2491 2202 2814 2288 hospitale
2861 2213 2926 2267 et
2972 2204 3084 2268 ubi
3131 2202 3323 2268 hodie

444 2320 594 2375 sunt
639 2311 843 2398 ipsius
873 2313 1215 2399 hospitalis
1249 2314 1494 2398 domus,
1545 2337 1670 2400 que
1704 2315 1929 2380 eodem
1962 2316 2154 2381 modo
2188 2316 2600 2382 destruantur
2633 2329 2698 2383 et
2731 2319 2976 2383 destrui
3010 2318 3318 2402 debeant3

450 2436 514 2490 et
559 2427 733 2512 quod
779 2437 987 2492 totum
1035 2428 1279 2494 dictum
1325 2439 1669 2513 terrenum,
1722 2453 1914 2516 super
1944 2454 2089 2517 quc,
2140 2441 2211 2495 ut
2241 2431 2613 2518 predicitur,
2666 2435 2788 2497 erit
2817 2430 3155 2517 (richtiger
3187 2445 3326 2500 erat

442 2535 751 2624 (Provis.)
820 2543 1031 2628 ipsum
1077 2543 1423 2629 hospitale,
1496 2554 1562 2609 et
1631 2567 1823 2631 super
1892 2568 2018 2630 quo
2089 2557 2241 2611 sunt
2296 2548 2602 2613 iamdicte
2651 2548 2876 2613 domus
2923 2549 3128 2635 ipsius
3176 2550 3319 2616 hos-

444 2657 663 2740 pitalis
697 2656 881 2722 dicto
905 2659 1161 2723 comuni
1192 2659 1521 2725 Florentie
1568 2683 1817 2725 remare
1864 2657 2224 2743 (remanere
2256 2658 2568 2746 (Provis.)
2603 2663 2852 2747 debeat,
2904 2665 3084 2729 cuius
3127 2675 3226 2729 est
3258 2675 3322 2730 et

444 2793 586 2837 esse
634 2771 867 2838 debeat
912 2797 1027 2859 pro
1075 2774 1451 2860 amplianda
1494 2777 1709 2861 platea
1756 2777 2074 2862 predicta3
2126 2786 2191 2841 et
2237 2777 2408 2863 quod
2457 2777 2526 2842 in
2573 2777 2866 2864 predicta
2913 2793 2977 2844 et
3021 2803 3138 2865 pro
3182 2802 3320 2865 pre-

444 2885 617 2952 dicta
661 2881 1032 2954 ⁴reffectione
1082 2900 1146 2955 et
1195 2891 1672 2956 constructione
1718 2890 2009 2955 iamdicti
2042 2891 2382 2978 hospitalis
2417 2903 2481 2958 et
2513 2893 2849 2958 domorum
2880 2895 3083 2980 ipsius
3117 2904 3188 2958 ut
3218 2918 3319 2960 su-

443 3024 559 3086 pra
590 3001 825 3068 dicitur
855 3004 1091 3088 fienda,
1144 3015 1209 3068 et
1253 3005 1324 3069 in
1369 3005 1496 3070 hiis
1530 3015 1594 3070 et
1621 3029 1737 3090 pro
1770 3006 1919 3090 hiis,
1972 3029 2097 3091 que
2130 3006 2532 3093 expedierint
2562 3008 2645 3072 ad
2676 3008 2982 3094 predicta,
3028 3032 3142 3074 sex
3182 3009 3319 3074 offi-

443 3118 656 3201 ciales,
697 3141 814 3204 pro
857 3122 1111 3185 comuni
1143 3121 1471 3186 Florentie
1519 3121 1711 3186 electi
1754 3132 1818 3186 et
1865 3123 2058 3207 positi
2108 3145 2222 3187 seu
2270 3123 2552 3207 eligendi
2599 3135 2663 3188 et
2707 3124 2989 3208 ponendi
3035 3124 3118 3189 ad
3150 3126 3321 3190 bona

440 3243 505 3297 et
534 3235 675 3298 iura
708 3234 863 3298 dic-ti
896 3237 1185 3302 comunis
1216 3236 1696 3321 reinuenienda,
1732 3236 2170 3322 recuperanda
2201 3247 2266 3302 et
2295 3238 2715 3324 procuranda,
2751 3240 2928 3304 licite
2961 3251 3026 3303 et
3057 3241 3319 3326 impune

441 3359 505 3412 et
536 3351 783 3434 absque
830 3373 1052 3415 eorum
1100 3351 1454 3436 preiudicio
1502 3352 1585 3417 ad
1630 3375 1897 3438 presens
1944 3354 2214 3438 possint,
2265 3363 2606 3420 teneantur
2653 3364 2716 3418 et
2763 3352 3040 3418 debeant
3086 3354 3166 3419 de
3210 3378 3318 3441 pe-

440 3465 629 3529 cunia
676 3467 967 3532 comunis
998 3466 1052 3530 F
1056 3467 1345 3552 lorentie,
1396 3468 1478 3533 ad
1522 3491 1742 3534 eorum
1788 3493 2020 3534 manus
2069 3469 2224 3534 dicti
2273 3470 2459 3534 offitii
2492 3471 2829 3535 occasione
2860 3481 3172 3556 peruenta
3203 3495 3318 3537 seu

438 3579 893 3664 peruenienda,
945 3583 1326 3668 expendere,
1379 3595 1754 3649 conuertere
1804 3595 1867 3650 et
1913 3585 2166 3650 soluere
2213 3608 2329 3650 seu
2376 3586 2672 3671 expendi,
2724 3578 2890 3651 solui
2933 3597 2998 3651 et
3029 3588 3318 3652 conuerti

437 3679 649 3760 facere
695 3718 811 3781 per
856 3697 1041 3762 illum
1087 3699 1428 3765 officialem
1478 3701 1890 3786 superstitem
1938 3701 2096 3765 dicti
2143 3702 2374 3786 operis,
2449 3725 2636 3788 quem
2699 3702 2780 3767 ad
2834 3702 2958 3767 hoc
3017 3703 3318 3768 duxerint

440 3811 827 3896 eligendum,
879 3836 1081 3899 usque
1127 3815 1196 3879 in
1237 3817 1664 3900 quantitatem
1696 3817 2009 3882 librarum
2040 3817 2172 3882 500
2204 3818 2592 3882 florenorum
2621 3841 2983 3903 paruorum,
3032 3829 3224 3905 prout
3253 3829 3318 3884 et

440 3927 797 3992 secundum
842 3928 1014 4014 quod
1061 3928 1307 3995 eisdem
1352 3953 1467 3996 sex
1516 3932 1901 3998 officialibus
1950 3956 2064 3999 seu
2111 3933 2322 3998 eidem
2370 3933 2634 3998 officiali
2675 3936 3022 4021 superstiti,
3077 3945 3147 4000 ut
3177 3957 3315 4020 pre-

442 4041 706 4126 dicitur,
758 4044 1072 4129 eligendO,
1125 4047 1437 4130 placuerit
1484 4057 1548 4112 et
1602 4047 1953 4131 uidebitur,
2004 4048 2142 4112 fore
2179 4049 2401 4113 utilius
2446 4072 2562 4135 pro
2609 4049 2750 4134 ipso
2799 4071 3008 4135 opere,
3059 4051 3129 4115 in
3186 4049 3315 4116 Dei

436 4158 748 4224 honorem
793 4169 859 4224 et
902 4163 1332 4226 reuerentiam
1373 4162 1689 4228 faciendo.
1806 4160 2061 4242 Quibus
2116 4164 2447 4246 omnibuS,
2521 4175 2592 4228 ut
2649 4186 2844 4249 supra
2901 4164 3144 4231 dictum
3191 4176 3308 4249 est,

438 4275 623 4339 lectis
672 4283 792 4339 cet.

657 4390 825 4456 Item
869 4393 935 4455 in
985 4392 1229 4458 eisdem
1276 4392 1647 4477 millesimO,
1706 4392 2079 4476 indictione,
2140 4392 2243 4458 die
2301 4403 2364 4458 et
2409 4394 2551 4458 loco
2600 4403 2664 4459 et
2694 4397 3101 4480 presentibus
3135 4397 3313 4462 testi·

440 4507 559 4572 bus
608 4507 1080 4592 suprascriptis,
1131 4507 1433 4573 mandato
1482 4510 1903 4594 suprascripti
1951 4508 2196 4573 domini
2246 4511 2565 4595 capitanei
2613 4521 2677 4575 et
2724 4509 3098 4594 defensoriS,
3167 4535 3311 4577 con-

438 4622 585 4686 silio
634 4622 901 4708 speciali
948 4632 1013 4688 et
1058 4624 1341 4708 generali
1391 4624 1636 4689 domini
1683 4626 2005 4711 capitanei
2054 4634 2117 4691 et
2162 4626 2384 4711 populi
2425 4625 2734 4690 antedicti
2775 4635 2838 4692 et
2872 4627 3314 4712 capitudinum

442 4738 525 4802 12
572 4738 889 4802 maiorum
934 4739 1170 4802 artium
1217 4738 1505 4804 eiusdem
1554 4741 1839 4806 ciuitatis
1884 4739 2232 4824 Florentie,
2294 4764 2576 4826 precona
2635 4743 3095 4808 conuocatione
3143 4765 3310 4808 cam-

435 4875 730 4938 paneque
777 4854 993 4919 sonitu
1036 4855 1105 4918 in
1154 4855 1427 4920 ecclesia
1481 4857 1688 4920 sancti
1746 4854 1925 4921 Petri
1973 4853 2331 4940 Scheradii,
2406 4880 2580 4922 more
2641 4858 2850 4941 solit0,
2924 4870 3309 4944 congregato

440 5003 523 5014 —
556 5009 639 5018 -
674 4970 919 5056 placuit
964 4970 1050 5035 58
1099 4993 1179 5034 ex
1226 4971 1613 5036 consiliariis
1663 4982 1727 5036 et
1759 4971 2239 5057 capitudinibus
2274 4972 2600 5057 predictis,
2650 4974 3040 5059 ponentibus
3072 4974 3310 5060 palloc-

435 5093 537 5148 tas
583 5085 653 5150 in
696 5083 1053 5170 pissidibus
1102 5085 1297 5170 albis,
1347 5087 1417 5150 in
1464 5089 1697 5173 quibus
1746 5088 2057 5173 scriptum
2105 5096 2204 5152 est
2251 5084 2421 5172 ,sic‘3
2471 5089 2582 5152 uni
2631 5089 3030 5154 solummodo
3070 5124 3144 5134 —
3183 5089 3310 5156 dis·

436 5200 801 5286 plicuerunt
848 5209 968 5265 cet.
