4009 5859
2080 391 2205 454 166

693 569 849 633 olim
896 567 1139 632 domini
1188 565 1353 632 Grifi
1402 566 1482 630 de
1526 565 1791 631 Ubertis
1866 601 1947 609 —-
2019 576 2084 630 et
2129 577 2503 651 procurator
2547 567 2600 630 F
2606 567 2842 632 ederici
2903 568 3058 632 olim
3103 567 3347 633 domini
3393 567 3446 630 F
3451 567 3570 630 ari-

694 695 844 748 nate
892 683 972 748 de
1016 682 1283 749 Ubertis
1334 717 1416 726 --
1465 692 1529 746 et
1573 691 1946 766 procurator
1994 682 2284 747 Tolosati
2345 683 2501 746 olim
2562 681 2806 748 domini
2853 682 3018 748 Grifi
3062 682 3142 747 de
3187 682 3454 748 Ubertis
3488 717 3570 726 ——

696 811 761 864 et
804 808 1179 886 procurator
1226 797 1471 862 domini
1515 796 1930 882 Maghinardi
1988 798 2144 862 olim
2206 798 2449 863 domini
2505 798 2811 865 Farinate
2859 799 3228 886 supradicti,
3283 834 3364 842 —
3413 821 3572 864 uen-

697 915 861 980 didit
911 950 993 958 —
1042 914 1392 980 camerario
1442 915 1732 979 comunis
1779 914 2110 979 Florentie
2158 950 2241 958 —
2291 913 2615 1000 quoddam
2672 923 2998 980 terrenum
3053 916 3244 980 unius
3303 916 3405 979 uie
3461 938 3572 1000 pu-

694 1031 882 1114 blice,
953 1030 1164 1115 posite
1220 1029 1290 1092 in
1336 1029 1571 1116 populo
1621 1029 1829 1093 sancti
1887 1025 2172 1093 Simonis
2222 1028 2301 1094 de
2347 1029 2695 1113 Florentia,
2758 1031 2860 1094 cui
2913 1029 3007 1094 hii
3055 1039 3206 1094 sunt
3253 1031 3568 1094 confines:

694 1170 734 1210 a
756 1143 823 1229 1)
870 1147 981 1210 uia
1025 1145 1300 1231 publica,
1351 1169 1390 1209 a
1410 1141 1479 1226 2)
1512 1159 1576 1208 et
1609 1141 1677 1227 3)
1708 1143 2121 1228 [Ἰδαῖοι-(ιω,
2171 1168 2210 1209 a
2236 1141 2307 1227 4)
2339 1146 2482 1232 ipsa
2510 1155 2698 1231 porta
2727 1143 3104 1212 Ghibellina
3136 1154 3200 1209 et
3229 1167 3393 1232 pons
3425 1153 3574 1209 ante

695 1260 935 1324 dictam
980 1269 1251 1347 portam.
1302 1296 1385 1304 —
1433 1259 1587 1324 Fuit
1634 1261 1963 1326 confessus
2011 1262 2332 1348 recepisse
2377 1262 2580 1326 libras
2629 1263 2760 1326 300
2805 1262 3117 1328 bonorum
3167 1261 3571 1326 florenorum.

917 1418 1024 1484 18.
1089 1419 1166 1485 In
1226 1417 1470 1486 Christi
1528 1420 1789 1485 nomine
1845 1443 2052 1486 amen.
2161 1420 2581 1507 Infrascripte
2641 1431 2792 1486 sunt
2848 1420 3126 1506 quedam
3190 1421 3569 1505 emptioneS,

694 1537 862 1604 facte
917 1559 1031 1622 per
1088 1559 1357 1601 comune
1414 1535 1493 1600 de
1554 1536 1941 1621 quibusdam
1996 1537 2299 1620 terreniS,
2365 1537 2596 1623 emptis
2655 1561 2696 1602 a
2740 1537 3129 1623 quibusdam
3181 1536 3574 1602 Florentinis

697 1653 1035 1718 occasione
1080 1653 1204 1737 uie,
1254 1653 1451 1717 misse
1498 1675 1612 1737 per
1658 1654 1871 1739 ipsum
1918 1675 2190 1718 comune
2239 1653 2409 1717 circa
2446 1653 2665 1718 foueas
2699 1653 2982 1718 ciuitatis
3022 1651 3369 1735 Florentie,
3418 1662 3572 1716 tem-

596 1813 603 1820 ·
695 1791 850 1854 pore
901 1767 1143 1832 domini
1175 1767 1525 1832 Rolandini
1577 1769 1656 1832 de
1704 1767 2015 1852 Canossa,
2069 1769 2403 1854 capitanei,
2441 1803 2524 1814 —
2570 1779 2862 1833 currente
2911 1791 3078 1832 anno
3128 1773 3322 1851 1283,
3372 1769 3578 1831 indic-

634 1925 642 1932 ·
698 1887 864 1948 tione
918 1891 1035 1964 12,
1107 1885 1211 1948 die
1264 1887 1487 1948 martis
1542 1891 1626 1947 14
1687 1883 2054 1948 Decembris
2124 1880 2438 1969 (Capitoli
2487 1885 2573 1949 30
2627 1907 2687 1970 p.
2736 1887 2857 1950 101
2874 1907 2930 1967 a,
2981 1881 3166 1970 Gaye
3211 1883 3246 1946 I
3291 1907 3352 1970 p.
3397 1879 3575 1965 416).

918 2016 1135 2103 Lapus
1166 2017 1422 2082 Bonore
1462 2017 1542 2082 de
1574 2013 1920 2102 CiprianiS‚
1954 2017 2128 2081 filius
2170 2016 2495 2102 quondam
2534 2016 2780 2081 domini
2815 2013 3125 2102 Cipriani‚
3165 2051 3247 2060 -—-
3279 2015 3574 2081 uendidit

699 2171 782 2179 —
816 2133 1122 2217 Johanni,
1171 2133 1305 2197 filio
1352 2132 1677 2218 quondam
1709 2133 1946 2197 Donati
1981 2132 2275 2216 Uliuieri,
2327 2133 2575 2198 sindico
2625 2134 2914 2198 comunis
2945 2134 2998 2197 F
3002 2134 3288 2214 lorentie,
3326 2168 3411 2177 —
3445 2133 3578 2198 980

698 2250 896 2336 pedes
944 2249 1221 2334 quadros
1270 2249 1507 2313 terreni
1554 2249 1672 2332 sui,
1722 2249 1917 2334 positi
1963 2250 2033 2314 in
2079 2249 2314 2335 populo
2359 2260 2580 2314 sancte
2613 2249 2819 2314 Marie
2849 2249 3141 2333 Nouelle‚
3192 2249 3494 2313 uidelicet
3541 2271 3580 2311 a

698 2375 887 2452 porta
928 2365 1213 2446 Pancani
1262 2387 1460 2450 usque
1508 2363 1589 2428 ad
1622 2374 1945 2429 terrenum
1978 2362 2222 2446 Ghetti,
2272 2365 2694 2450 piccicaiuoli.
2724 2399 2806 2409 -—
2833 2399 2912 2410 —
2942 2364 3094 2429 Fuit
3125 2365 3458 2430 confessus
3493 2404 3578 2414 —-

702 2481 1026 2567 recepisse
1073 2481 1273 2546 libras
1309 2482 1436 2546 343
1470 2481 1512 2545 f.
1548 2503 1610 2566 p.

927 2640 1035 2706 19.
1103 2643 1293 2706 Anno
1341 2646 1539 2721 1283,
1588 2641 1933 2704 indictione
1963 2647 2073 2721 12,
2124 2643 2226 2706 die
2257 2649 2339 2705 18
2377 2642 2738 2707 Decembris
2783 2637 2868 2725 (a.
2905 2665 2960 2706 a.
2998 2637 3075 2706 Ο.
3129 2635 3358 2724 lOlb).

923 2775 1203 2840 Mannus
1238 2774 1317 2840 de
1346 2773 1763 2858 MangiantiS,
1812 2773 1983 2838 filius
2017 2773 2341 2858 quondam
2371 2775 2574 2858 Ferri,
2625 2784 2690 2840 et
2720 2773 2970 2839 Bindus
3003 2773 3326 2860 quondam
3359 2771 3568 2859 Coppi

704 2891 1029 2978 quondam
1084 2889 1163 2955 de
1208 2889 1625 2974 Mangiantis‚
1687 2887 2116 2953 uendiderunt
2186 2925 2270 2934 -—
2339 2889 2624 2954 Johanni
2679 2890 2919 2954 Donati
2975 2889 3268 2972 Uliuieri,
3325 2887 3574 2953 sindico

704 3008 993 3073 comunis
1039 3006 1387 3089 Florentie‚
1442 3039 1525 3049 —-
1599 3006 1677 3069 17
1713 3003 1913 3090 pedes
1970 3004 2250 3090 quadros
2308 3007 2545 3070 terreni
2609 3029 2847 3089 eorum,
2897 3005 3091 3090 positi
3137 3003 3464 3068 Florentie
3510 3003 3580 3066 in

701 3124 936 3210 populo
986 3131 1206 3187 sancte
1239 3121 1445 3186 Marie
1474 3120 1766 3204 Nouelle‚
1818 3120 1886 3185 in
1934 3119 2110 3185 dicta
2156 3122 2263 3185 uia
2305 3145 2492 3205 noua,
2542 3121 2745 3186 missa
2790 3131 2855 3185 et
2900 3131 3162 3206 operata
3204 3128 3355 3185 ante
3386 3129 3579 3183 terre-

704 3263 860 3303 num
906 3237 1222 3302 dictorum
1268 3236 1494 3301 Manni
1544 3247 1608 3300 et
1653 3236 1870 3301 Bindi.
1908 3273 1991 3281 —
2025 3235 2314 3302 Fuerunt
2347 3237 2626 3303 confessi
2663 3273 2746 3281 —
2777 3236 3097 3324 recepisse
3144 3259 3259 3321 pro
3292 3235 3580 3321 quolibet

703 3353 867 3440 pede
914 3353 1155 3440 quadro
1204 3352 1443 3418 solidos
1495 3354 1528 3417 7
1580 3362 1644 3417 et
1690 3351 1985 3418 denarios
2034 3353 2074 3416 5
2106 3353 2150 3418 f.
2183 3377 2246 3439 p.

926 3519 1045 3585 20.
1112 3525 1295 3586 Anno
1328 3527 1525 3600 1283,
1572 3524 1915 3586 indictione
1946 3529 2057 3603 12,
2105 3524 2207 3587 die
2237 3529 2320 3586 29
2355 3522 2720 3588 Decembm'e
2766 3519 2850 3604 (a.
2885 3547 2940 3588 a.
2979 3519 3056 3587 Ο.
3107 3547 3167 3608 p.
3208 3524 3329 3587 101
3345 3519 3437 3604 b).

930 3651 1141 3718 Cenni
1219 3654 1542 3740 quondam
1621 3651 1815 3737 Clari,
1896 3657 2112 3741 populi
2183 3657 2390 3722 sancti
2447 3656 2786 3722 Michaelis
2856 3656 2936 3722 de
2983 3656 3445 3740 VicedominiS,
3499 3689 3583 3698 —-

710 3768 1003 3835 uendidit
1034 3806 1115 3814 —-
1149 3769 1372 3834 Marco
1406 3767 1758 3853 Struffaldi,
1800 3793 1914 3855 pro
1948 3772 2204 3835 comuni
2233 3771 2287 3836 F
2291 3773 2561 3836 lorentie
2595 3773 2850 3856 ementi,
2888 3807 2971 3815 —
3006 3773 3046 3836 6
3077 3771 3274 3856 pedes
3308 3769 3582 3857 quadros

708 3887 810 3951 sui
856 3886 1111 3969 terreni,
1170 3886 1365 3971 positi
1410 3886 1478 3949 in
1528 3885 1698 3949 dicto
1745 3885 1978 3970 populo
2029 3887 2235 3950 sancti
2281 3886 2622 3952 Michaelis
2669 3898 2820 3952 ante
2866 3887 3127 3952 domum
3161 3887 3318 3951 dicti
3351 3882 3578 3966 Cenni‚

708 4001 891 4066 missi
938 4002 1009 4065 in
1056 4001 1161 4066 uia
1208 4024 1394 4084 noua,
1446 4023 1568 4086 que
1615 4001 1819 4064 missa
1863 4013 1963 4065 est
2009 4001 2249 4066 circum
2297 4003 2466 4066 circa
2510 4001 2730 4067 foueas
2778 4002 3066 4066 comunis
3113 4000 3460 4065 Florentie.
3499 4033 3582 4044 —-·

712 4114 1067 4183 Confessus
1113 4116 1235 4180 fuit
1269 4151 1350 4160 —-
1384 4116 1705 4202 recepisse
1740 4151 1822 4160 -—
1855 4116 2096 4181 solidos
2129 4119 2217 4182 20
2246 4117 2289 4181 f.
2322 4139 2384 4202 p.

936 4283 1041 4347 2l.
1107 4286 1296 4349 Anno
1330 4290 1527 4364 1283,
1585 4286 1688 4349 die
1718 4292 1803 4348 29
1837 4285 2202 4349 Decembris
2234 4282 2319 4368 (a.
2355 4309 2410 4350 a.
2448 4282 2526 4350 Ο.
2575 4309 2637 4371 p.
2676 4281 2898 4368 102a).

932 4415 1219 4482 Jacobus
1267 4428 1517 4498 seca-tor
1561 4413 1731 4500 (sic),
1780 4418 1953 4481 filius
2002 4417 2325 4502 quondam
2371 4416 2675 4502 Venture,
2735 4419 2952 4504 populi
3001 4419 3208 4484 sancti
3254 4419 3581 4484 Pancratii

715 4567 797 4578 —
829 4533 1123 4597 uendidit
1156 4567 1237 4578 —-
1270 4534 1490 4598 Marco
1540 4530 1875 4598 Struffaldi
1914 4567 1989 4577 —-
2027 4535 2115 4598 40
2145 4533 2340 4618 pedes
2374 4532 2718 4618 quadratos
2750 4519 2988 4600 terreni
3023 4535 3141 4618 sui,
3191 4537 3384 4621 positi
3415 4537 3586 4600 iusta

713 4649 931 4714 foueas
979 4649 1197 4735 populi
1256 4650 1461 4714 sancti
1518 4647 1859 4713 Michaelis
1915 4647 1994 4712 de
2036 4647 2476 4713 Vicedominis
2556 4659 2703 4713 ante
2773 4649 3034 4713 domum
3104 4649 3260 4714 dict-i
3329 4651 3580 4718 «Iacchi.

717 4800 800 4808 —
832 4764 1103 4850 Recepit
1135 4799 1218 4807 —
1252 4764 1451 4829 libras
1506 4765 1565 4847 6,
1618 4763 1858 4830 solidos
1894 4767 1979 4828 10
2009 4763 2051 4828 f.
2085 4787 2146 4850 p.

935 4933 1045 4997 22.
1114 4936 1301 4998 Anno
1336 4939 1533 5015 1283,
1600 4935 1701 4998 die
1733 4940 1816 4997 29
1853 4933 2218 4998 Decembris
2264 4928 2352 5015 (a.
2387 4956 2444 4998 a.
2481 4933 2560 4998 Ο.
2609 4957 2670 5020 p.
2718 4936 2844 4999 102
2861 4931 2944 5017 a).

892 5067 1167 5134 Paccius
1214 5068 1636 5152 Benciuenni,
1686 5069 1903 5155 populi
1954 5070 2159 5133 sancti
2191 5067 2532 5134 Michaelis
2567 5069 2644 5132 de
2677 5067 3138 5152 Vicedominis,
3175 5105 3258 5113 —
3294 5069 3586 5134 uendidit

722 5219 803 5230 -
836 5183 1056 5249 Marco
1098 5181 1431 5250 Struffaldi
1472 5221 1555 5229 —
1603 5187 1683 5250 18
1714 5186 1911 5272 pedes
1967 5183 2246 5270 quadros
2301 5186 2402 5249 sui
2459 5185 2714 5269 terreni,
2772 5185 2966 5272 positi
3011 5186 3080 5249 in
3137 5184 3305 5248 dicto
3352 5186 3586 5271 populo
