<?xml version="1.0" encoding="UTF-8"?>
<!DOCTYPE html PUBLIC "-//W3C//DTD XHTML 1.0 Transitional//EN"
    "http://www.w3.org/TR/xhtml1/DTD/xhtml1-transitional.dtd">
<html xmlns="http://www.w3.org/1999/xhtml" xml:lang="en" lang="en">
 <head>
  <title>
</title>
<meta http-equiv="Content-Type" content="text/html;charset=utf-8" />
  <meta name='ocr-system' content='tesseract 3.04.00' />
  <meta name='ocr-capabilities' content='ocr_page ocr_carea ocr_par ocr_line ocrx_word'/>
</head>
<body>
  <div class='ocr_page' id='page_1' title='image "./dieloggiadeilan00unkngoog_0137.png"; bbox 0 0 4009 5859; ppageno 0'>
   <div class='ocr_carea' id='block_1_1' title="bbox 1802 419 1920 482">
    <p class='ocr_par' dir='ltr' id='par_1_1' title="bbox 1802 419 1920 482">
     <span class='ocr_line' id='line_1_1' title="bbox 1802 419 1920 482; baseline 0 -1"><span class='ocrx_word' id='word_1_1' title='bbox 1802 419 1920 482; x_wconf 80' lang='lat'>121</span> 
     </span>
    </p>
   </div>
   <div class='ocr_carea' id='block_1_2' title="bbox 1657 507 1724 514">
    <p class='ocr_par' dir='ltr' id='par_1_2' title="bbox 1657 507 1724 514">
     <span class='ocr_line' id='line_1_2' title="bbox 1657 507 1724 514; baseline -0.03 0"><span class='ocrx_word' id='word_1_2' title='bbox 1657 507 1724 514; x_wconf 70' lang='lat'>..—</span> 
     </span>
    </p>
   </div>
   <div class='ocr_carea' id='block_1_3' title="bbox 1748 508 2085 514">
    <p class='ocr_par' dir='ltr' id='par_1_3' title="bbox 1748 508 2085 514">
     <span class='ocr_line' id='line_1_3' title="bbox 1748 508 2085 514; baseline 0 0"><span class='ocrx_word' id='word_1_3' title='bbox 1748 508 2085 514; x_wconf 95' lang='lat' dir='ltr'> </span> 
     </span>
    </p>
   </div>
   <div class='ocr_carea' id='block_1_4' title="bbox 425 593 3315 3126">
    <p class='ocr_par' dir='ltr' id='par_1_4' title="bbox 425 593 3315 3126">
     <span class='ocr_line' id='line_1_4' title="bbox 428 593 3306 686; baseline 0.004 -32"><span class='ocrx_word' id='word_1_4' title='bbox 428 602 611 678; x_wconf 88' lang='lat' dir='ltr'>cepto</span> <span class='ocrx_word' id='word_1_5' title='bbox 659 593 980 679; x_wconf 86' lang='lat' dir='ltr'>stipendio</span> <span class='ocrx_word' id='word_1_6' title='bbox 1029 605 1252 658; x_wconf 90' lang='lat' dir='ltr'>tenent</span> <span class='ocrx_word' id='word_1_7' title='bbox 1308 617 1507 680; x_wconf 89' lang='lat' dir='ltr'>equos</span> <span class='ocrx_word' id='word_1_8' title='bbox 1570 596 1743 660; x_wconf 84' lang='lat' dir='ltr'>circa</span> <span class='ocrx_word' id='word_1_9' title='bbox 1788 619 1905 660; x_wconf 85' lang='lat' dir='ltr'>sex</span> <span class='ocrx_word' id='word_1_10' title='bbox 1953 606 2230 662; x_wconf 88' lang='lat' dir='ltr'>centum.</span> <span class='ocrx_word' id='word_1_11' title='bbox 2325 593 2492 662; x_wconf 84' lang='lat' dir='ltr'><strong>Sunt</strong></span> <span class='ocrx_word' id='word_1_12' title='bbox 2537 598 2608 662; x_wconf 91' lang='lat' dir='ltr'>in</span> <span class='ocrx_word' id='word_1_13' title='bbox 2655 621 2733 662; x_wconf 91' lang='lat' dir='ltr'>ea</span> <span class='ocrx_word' id='word_1_14' title='bbox 2778 623 3008 685; x_wconf 84' lang='lat' dir='ltr'>magne</span> <span class='ocrx_word' id='word_1_15' title='bbox 3054 601 3124 664; x_wconf 92' lang='lat' dir='ltr'>in</span> <span class='ocrx_word' id='word_1_16' title='bbox 3171 600 3306 686; x_wconf 88' lang='lat' dir='ltr'>qui-</span> 
     </span>
     <span class='ocr_line' id='line_1_5' title="bbox 425 707 3306 801; baseline 0.003 -30"><span class='ocrx_word' id='word_1_17' title='bbox 425 707 703 772; x_wconf 87' lang='lat' dir='ltr'>busdam</span> <span class='ocrx_word' id='word_1_18' title='bbox 760 708 1013 793; x_wconf 89' lang='lat' dir='ltr'>diuitie,</span> <span class='ocrx_word' id='word_1_19' title='bbox 1076 711 1432 775; x_wconf 87' lang='lat' dir='ltr'>mediocres</span> <span class='ocrx_word' id='word_1_20' title='bbox 1490 734 1743 798; x_wconf 89' lang='lat' dir='ltr'>quoque</span> <span class='ocrx_word' id='word_1_21' title='bbox 1791 712 1861 776; x_wconf 89' lang='lat' dir='ltr'>in</span> <span class='ocrx_word' id='word_1_22' title='bbox 1908 713 2129 777; x_wconf 87' lang='lat' dir='ltr'>multis</span> <span class='ocrx_word' id='word_1_23' title='bbox 2197 722 2261 777; x_wconf 90' lang='lat' dir='ltr'>et</span> <span class='ocrx_word' id='word_1_24' title='bbox 2315 713 2384 778; x_wconf 89' lang='lat' dir='ltr'>in</span> <span class='ocrx_word' id='word_1_25' title='bbox 2434 714 2667 799; x_wconf 91' lang='lat' dir='ltr'>quibus</span> <span class='ocrx_word' id='word_1_26' title='bbox 2714 715 3007 800; x_wconf 91' lang='lat' dir='ltr'>pluribus</span> <span class='ocrx_word' id='word_1_27' title='bbox 3056 739 3306 801; x_wconf 91' lang='lat' dir='ltr'>compe-</span> 
     </span>
     <span class='ocr_line' id='line_1_6' title="bbox 425 823 3308 914; baseline 0.003 -26"><span class='ocrx_word' id='word_1_28' title='bbox 425 833 655 890; x_wconf 79' lang='lat' dir='ltr'><strong>tentes,</strong></span> <span class='ocrx_word' id='word_1_29' title='bbox 751 823 1108 890; x_wconf 84' lang='lat' dir='ltr'>Societates</span> <span class='ocrx_word' id='word_1_30' title='bbox 1166 829 1361 892; x_wconf 88' lang='lat' dir='ltr'>etiam</span> <span class='ocrx_word' id='word_1_31' title='bbox 1407 828 1639 913; x_wconf 88' lang='lat' dir='ltr'>alique,</span> <span class='ocrx_word' id='word_1_32' title='bbox 1700 851 1948 914; x_wconf 83' lang='lat' dir='ltr'>queque</span> <span class='ocrx_word' id='word_1_33' title='bbox 2009 829 2371 914; x_wconf 82' lang='lat' dir='ltr'>perniciose</span> <span class='ocrx_word' id='word_1_34' title='bbox 2421 839 2572 893; x_wconf 87' lang='lat' dir='ltr'>sunt</span> <span class='ocrx_word' id='word_1_35' title='bbox 2617 830 2824 894; x_wconf 88' lang='lat' dir='ltr'>ualde.</span> <span class='ocrx_word' id='word_1_36' title='bbox 2919 828 3085 895; x_wconf 88' lang='lat' dir='ltr'>Sunt</span> <span class='ocrx_word' id='word_1_37' title='bbox 3130 841 3194 896; x_wconf 90' lang='lat' dir='ltr'>et</span> <span class='ocrx_word' id='word_1_38' title='bbox 3239 833 3308 896; x_wconf 90' lang='lat' dir='ltr'>in</span> 
     </span>
     <span class='ocr_line' id='line_1_7' title="bbox 427 940 3306 1033; baseline 0.002 -31"><span class='ocrx_word' id='word_1_39' title='bbox 427 940 603 1003; x_wconf 91' lang='lat' dir='ltr'>omni</span> <span class='ocrx_word' id='word_1_40' title='bbox 673 942 859 1026; x_wconf 87' lang='lat' dir='ltr'>quasi</span> <span class='ocrx_word' id='word_1_41' title='bbox 928 953 1063 1006; x_wconf 89' lang='lat' dir='ltr'>arte</span> <span class='ocrx_word' id='word_1_42' title='bbox 1134 943 1211 1006; x_wconf 90' lang='lat' dir='ltr'>de</span> <span class='ocrx_word' id='word_1_43' title='bbox 1258 943 1498 1006; x_wconf 90' lang='lat' dir='ltr'>mundo</span> <span class='ocrx_word' id='word_1_44' title='bbox 1560 952 1624 1007; x_wconf 80' lang='lat' dir='ltr'>et</span> <span class='ocrx_word' id='word_1_45' title='bbox 1682 944 1963 1008; x_wconf 82' lang='lat' dir='ltr'>maxime</span> <span class='ocrx_word' id='word_1_46' title='bbox 2021 944 2166 1008; x_wconf 88' lang='lat' dir='ltr'>lane</span> <span class='ocrx_word' id='word_1_47' title='bbox 2215 944 2284 1008; x_wconf 92' lang='lat' dir='ltr'>in</span> <span class='ocrx_word' id='word_1_48' title='bbox 2330 968 2406 1009; x_wconf 89' lang='lat' dir='ltr'>ea</span> <span class='ocrx_word' id='word_1_49' title='bbox 2451 945 2776 1010; x_wconf 82' lang='lat' dir='ltr'>recollecti</span> <span class='ocrx_word' id='word_1_50' title='bbox 2815 947 3125 1033; x_wconf 84' lang='lat' dir='ltr'>artifices,</span> <span class='ocrx_word' id='word_1_51' title='bbox 3198 947 3306 1032; x_wconf 88' lang='lat' dir='ltr'>qui</span> 
     </span>
     <span class='ocr_line' id='line_1_8' title="bbox 428 1057 3308 1147; baseline 0.002 -27"><span class='ocrx_word' id='word_1_52' title='bbox 428 1066 599 1120; x_wconf 84' lang='lat' dir='ltr'>artes</span> <span class='ocrx_word' id='word_1_53' title='bbox 656 1057 800 1123; x_wconf 89' lang='lat' dir='ltr'>illas</span> <span class='ocrx_word' id='word_1_54' title='bbox 849 1059 1152 1125; x_wconf 88' lang='lat' dir='ltr'>subtilius</span> <span class='ocrx_word' id='word_1_55' title='bbox 1198 1059 1469 1142; x_wconf 88' lang='lat' dir='ltr'>faciunt,</span> <span class='ocrx_word' id='word_1_56' title='bbox 1532 1083 1724 1146; x_wconf 86' lang='lat' dir='ltr'>quam</span> <span class='ocrx_word' id='word_1_57' title='bbox 1768 1062 1930 1124; x_wconf 86' lang='lat' dir='ltr'>fiant</span> <span class='ocrx_word' id='word_1_58' title='bbox 1975 1061 2044 1124; x_wconf 91' lang='lat' dir='ltr'>in</span> <span class='ocrx_word' id='word_1_59' title='bbox 2089 1060 2279 1144; x_wconf 83' lang='lat' dir='ltr'>lociS,</span> <span class='ocrx_word' id='word_1_60' title='bbox 2341 1061 2417 1124; x_wconf 82' lang='lat' dir='ltr'>(le</span> <span class='ocrx_word' id='word_1_61' title='bbox 2467 1062 2700 1146; x_wconf 89' lang='lat' dir='ltr'>quibus</span> <span class='ocrx_word' id='word_1_62' title='bbox 2749 1062 3064 1147; x_wconf 86' lang='lat' dir='ltr'>originem</span> <span class='ocrx_word' id='word_1_63' title='bbox 3109 1061 3308 1127; x_wconf 87' lang='lat' dir='ltr'>habu-</span> 
     </span>
     <span class='ocr_line' id='line_1_9' title="bbox 428 1173 3307 1262; baseline 0.002 -24"><span class='ocrx_word' id='word_1_64' title='bbox 428 1185 632 1239; x_wconf 89' lang='lat' dir='ltr'>erunt.</span> <span class='ocrx_word' id='word_1_65' title='bbox 711 1175 798 1239; x_wconf 89' lang='lat' dir='ltr'>Et</span> <span class='ocrx_word' id='word_1_66' title='bbox 844 1176 949 1240; x_wconf 89' lang='lat' dir='ltr'>hic</span> <span class='ocrx_word' id='word_1_67' title='bbox 995 1177 1273 1241; x_wconf 83' lang='lat' dir='ltr'>maxime</span> <span class='ocrx_word' id='word_1_68' title='bbox 1322 1201 1425 1242; x_wconf 89' lang='lat' dir='ltr'>ars</span> <span class='ocrx_word' id='word_1_69' title='bbox 1474 1201 1797 1242; x_wconf 85' lang='lat' dir='ltr'>armorum</span> <span class='ocrx_word' id='word_1_70' title='bbox 1844 1177 2073 1242; x_wconf 88' lang='lat' dir='ltr'>melius</span> <span class='ocrx_word' id='word_1_71' title='bbox 2122 1200 2316 1262; x_wconf 86' lang='lat' dir='ltr'>quam</span> <span class='ocrx_word' id='word_1_72' title='bbox 2361 1176 2517 1242; x_wconf 88' lang='lat' dir='ltr'>alibi</span> <span class='ocrx_word' id='word_1_73' title='bbox 2563 1173 2992 1260; x_wconf 85' lang='lat' dir='ltr'>fabricatur¹).</span> <span class='ocrx_word' id='word_1_74' title='bbox 3072 1177 3159 1242; x_wconf 91' lang='lat' dir='ltr'>Et</span> <span class='ocrx_word' id='word_1_75' title='bbox 3205 1201 3307 1243; x_wconf 88' lang='lat' dir='ltr'>ars</span> 
     </span>
     <span class='ocr_line' id='line_1_10' title="bbox 426 1288 3308 1360; baseline 0.002 -8"><span class='ocrx_word' id='word_1_76' title='bbox 426 1288 572 1353; x_wconf 87' lang='lat' dir='ltr'>lane</span> <span class='ocrx_word' id='word_1_77' title='bbox 646 1289 865 1356; x_wconf 85' lang='lat' dir='ltr'>utilius</span> <span class='ocrx_word' id='word_1_78' title='bbox 936 1304 1000 1356; x_wconf 91' lang='lat' dir='ltr'>et</span> <span class='ocrx_word' id='word_1_79' title='bbox 1070 1293 1505 1358; x_wconf 87' lang='lat' dir='ltr'>abundantius</span> <span class='ocrx_word' id='word_1_80' title='bbox 1577 1293 1916 1357; x_wconf 84' lang='lat' dir='ltr'>deducitur</span> <span class='ocrx_word' id='word_1_81' title='bbox 1971 1294 2040 1357; x_wconf 93' lang='lat' dir='ltr'>in</span> <span class='ocrx_word' id='word_1_82' title='bbox 2096 1294 2413 1358; x_wconf 86' lang='lat' dir='ltr'>effectum.</span> <span class='ocrx_word' id='word_1_83' title='bbox 2512 1291 2790 1359; x_wconf 88' lang='lat' dir='ltr'>Cuditur</span> <span class='ocrx_word' id='word_1_84' title='bbox 2841 1295 2948 1359; x_wconf 91' lang='lat' dir='ltr'>hic</span> <span class='ocrx_word' id='word_1_85' title='bbox 2991 1294 3046 1358; x_wconf 91' lang='lat' dir='ltr'>F</span> <span class='ocrx_word' id='word_1_86' title='bbox 3051 1295 3308 1360; x_wconf 86' lang='lat' dir='ltr'>lorenus</span> 
     </span>
     <span class='ocr_line' id='line_1_11' title="bbox 428 1408 3309 1494; baseline 0.001 -22"><span class='ocrx_word' id='word_1_87' title='bbox 428 1431 657 1472; x_wconf 87' lang='lat' dir='ltr'>aureus</span> <span class='ocrx_word' id='word_1_88' title='bbox 713 1408 1057 1474; x_wconf 82' lang='lat' dir='ltr'>utilissime</span> <span class='ocrx_word' id='word_1_89' title='bbox 1114 1409 1317 1474; x_wconf 86' lang='lat' dir='ltr'>forme</span> <span class='ocrx_word' id='word_1_90' title='bbox 1366 1420 1431 1473; x_wconf 89' lang='lat' dir='ltr'>et</span> <span class='ocrx_word' id='word_1_91' title='bbox 1477 1409 1607 1473; x_wconf 87' lang='lat' dir='ltr'>alia</span> <span class='ocrx_word' id='word_1_92' title='bbox 1653 1419 1959 1494; x_wconf 88' lang='lat' dir='ltr'>argentea</span> <span class='ocrx_word' id='word_1_93' title='bbox 2004 1409 2210 1473; x_wconf 88' lang='lat' dir='ltr'>maior</span> <span class='ocrx_word' id='word_1_94' title='bbox 2257 1421 2320 1474; x_wconf 80' lang='lat' dir='ltr'>et</span> <span class='ocrx_word' id='word_1_95' title='bbox 2367 1410 2496 1474; x_wconf 85' lang='lat' dir='ltr'>alia</span> <span class='ocrx_word' id='word_1_96' title='bbox 2542 1410 2754 1474; x_wconf 89' lang='lat' dir='ltr'>minor</span> <span class='ocrx_word' id='word_1_97' title='bbox 2799 1410 3122 1475; x_wconf 85' lang='lat' dir='ltr'>inferioris</span> <span class='ocrx_word' id='word_1_98' title='bbox 3178 1434 3309 1475; x_wconf 89' lang='lat' dir='ltr'>me-</span> 
     </span>
     <span class='ocr_line' id='line_1_12' title="bbox 428 1522 3312 1612; baseline 0.002 -25"><span class='ocrx_word' id='word_1_99' title='bbox 428 1523 566 1588; x_wconf 86' lang='lat' dir='ltr'>talli</span> <span class='ocrx_word' id='word_1_100' title='bbox 626 1535 900 1589; x_wconf 87' lang='lat' dir='ltr'>moneta.</span> <span class='ocrx_word' id='word_1_101' title='bbox 996 1527 1146 1590; x_wconf 90' lang='lat' dir='ltr'>Non</span> <span class='ocrx_word' id='word_1_102' title='bbox 1202 1537 1301 1590; x_wconf 89' lang='lat' dir='ltr'>est</span> <span class='ocrx_word' id='word_1_103' title='bbox 1356 1526 1537 1590; x_wconf 87' lang='lat' dir='ltr'>diues</span> <span class='ocrx_word' id='word_1_104' title='bbox 1608 1537 1718 1590; x_wconf 84' lang='lat' dir='ltr'>aut</span> <span class='ocrx_word' id='word_1_105' title='bbox 1765 1549 2008 1612; x_wconf 80' lang='lat' dir='ltr'>pauper</span> <span class='ocrx_word' id='word_1_106' title='bbox 2055 1526 2123 1589; x_wconf 94' lang='lat' dir='ltr'>in</span> <span class='ocrx_word' id='word_1_107' title='bbox 2170 1549 2272 1610; x_wconf 88' lang='lat' dir='ltr'>ea,</span> <span class='ocrx_word' id='word_1_108' title='bbox 2347 1522 2518 1611; x_wconf 77' lang='lat' dir='ltr'>qui²)</span> <span class='ocrx_word' id='word_1_109' title='bbox 2587 1527 2655 1591; x_wconf 90' lang='lat' dir='ltr'>in</span> <span class='ocrx_word' id='word_1_110' title='bbox 2703 1549 2780 1590; x_wconf 91' lang='lat' dir='ltr'>ea</span> <span class='ocrx_word' id='word_1_111' title='bbox 2826 1527 2904 1590; x_wconf 90' lang='lat' dir='ltr'>de</span> <span class='ocrx_word' id='word_1_112' title='bbox 2953 1537 3087 1592; x_wconf 90' lang='lat' dir='ltr'>arte</span> <span class='ocrx_word' id='word_1_113' title='bbox 3136 1539 3312 1592; x_wconf 85' lang='lat' dir='ltr'>certa</span> 
     </span>
     <span class='ocr_line' id='line_1_13' title="bbox 426 1641 3311 1730; baseline 0.001 -26"><span class='ocrx_word' id='word_1_114' title='bbox 426 1641 670 1705; x_wconf 88' lang='lat' dir='ltr'>nutrire</span> <span class='ocrx_word' id='word_1_115' title='bbox 718 1665 849 1706; x_wconf 90' lang='lat' dir='ltr'>non</span> <span class='ocrx_word' id='word_1_116' title='bbox 898 1643 1110 1706; x_wconf 86' lang='lat' dir='ltr'>ualeat</span> <span class='ocrx_word' id='word_1_117' title='bbox 1157 1665 1225 1708; x_wconf 91' lang='lat' dir='ltr'>se</span> <span class='ocrx_word' id='word_1_118' title='bbox 1274 1652 1338 1706; x_wconf 91' lang='lat' dir='ltr'>et</span> <span class='ocrx_word' id='word_1_119' title='bbox 1385 1665 1555 1707; x_wconf 90' lang='lat' dir='ltr'>suos.</span> <span class='ocrx_word' id='word_1_120' title='bbox 1650 1643 1779 1706; x_wconf 89' lang='lat' dir='ltr'>Hic</span> <span class='ocrx_word' id='word_1_121' title='bbox 1828 1643 2114 1727; x_wconf 80' lang='lat' dir='ltr'>religiosi</span> <span class='ocrx_word' id='word_1_122' title='bbox 2163 1643 2229 1706; x_wconf 88' lang='lat' dir='ltr'>in</span> <span class='ocrx_word' id='word_1_123' title='bbox 2265 1643 2440 1707; x_wconf 91' lang='lat' dir='ltr'>omni</span> <span class='ocrx_word' id='word_1_124' title='bbox 2473 1643 2782 1727; x_wconf 86' lang='lat' dir='ltr'>religione</span> <span class='ocrx_word' id='word_1_125' title='bbox 2815 1644 3057 1730; x_wconf 86' lang='lat' dir='ltr'>templa</span> <span class='ocrx_word' id='word_1_126' title='bbox 3088 1652 3311 1708; x_wconf 83' lang='lat' dir='ltr'>tenent</span> 
     </span>
     <span class='ocr_line' id='line_1_14' title="bbox 428 1756 3309 1844; baseline 0.001 -24"><span class='ocrx_word' id='word_1_127' title='bbox 428 1757 781 1842; x_wconf 89' lang='lat' dir='ltr'>pulcerima</span> <span class='ocrx_word' id='word_1_128' title='bbox 842 1767 905 1822; x_wconf 89' lang='lat' dir='ltr'>et</span> <span class='ocrx_word' id='word_1_129' title='bbox 961 1757 1267 1823; x_wconf 81' lang='lat' dir='ltr'>ecclesias</span> <span class='ocrx_word' id='word_1_130' title='bbox 1338 1758 1574 1822; x_wconf 86' lang='lat' dir='ltr'>multas</span> <span class='ocrx_word' id='word_1_131' title='bbox 1625 1759 1841 1824; x_wconf 88' lang='lat' dir='ltr'>clerici</span> <span class='ocrx_word' id='word_1_132' title='bbox 1888 1759 2230 1824; x_wconf 86' lang='lat' dir='ltr'>seculares.</span> <span class='ocrx_word' id='word_1_133' title='bbox 2328 1756 2700 1844; x_wconf 89' lang='lat' dir='ltr'>Omnesque</span> <span class='ocrx_word' id='word_1_134' title='bbox 2748 1760 3026 1824; x_wconf 86' lang='lat' dir='ltr'>artifices</span> <span class='ocrx_word' id='word_1_135' title='bbox 3076 1760 3309 1824; x_wconf 89' lang='lat' dir='ltr'>contri-</span> 
     </span>
     <span class='ocr_line' id='line_1_15' title="bbox 426 1874 3308 1961; baseline 0 -23"><span class='ocrx_word' id='word_1_136' title='bbox 426 1875 634 1938; x_wconf 88' lang='lat' dir='ltr'>buunt</span> <span class='ocrx_word' id='word_1_137' title='bbox 678 1876 747 1938; x_wconf 93' lang='lat' dir='ltr'>in</span> <span class='ocrx_word' id='word_1_138' title='bbox 795 1886 1209 1960; x_wconf 83' lang='lat' dir='ltr'>augmentum</span> <span class='ocrx_word' id='word_1_139' title='bbox 1256 1874 1489 1939; x_wconf 87' lang='lat' dir='ltr'>eclesie</span> <span class='ocrx_word' id='word_1_140' title='bbox 1538 1875 1926 1940; x_wconf 85' lang='lat' dir='ltr'>cathedralis</span> <span class='ocrx_word' id='word_1_141' title='bbox 1969 1899 2052 1939; x_wconf 84' lang='lat' dir='ltr'>ex</span> <span class='ocrx_word' id='word_1_142' title='bbox 2106 1875 2329 1939; x_wconf 90' lang='lat' dir='ltr'>ordine</span> <span class='ocrx_word' id='word_1_143' title='bbox 2375 1876 2545 1940; x_wconf 88' lang='lat' dir='ltr'>inter</span> <span class='ocrx_word' id='word_1_144' title='bbox 2589 1885 2757 1939; x_wconf 86' lang='lat' dir='ltr'>artes</span> <span class='ocrx_word' id='word_1_145' title='bbox 2791 1874 3149 1961; x_wconf 79' lang='lat' dir='ltr'>spetialiter</span> <span class='ocrx_word' id='word_1_146' title='bbox 3181 1886 3308 1940; x_wconf 90' lang='lat' dir='ltr'>sta-</span> 
     </span>
     <span class='ocr_line' id='line_1_16' title="bbox 428 1987 3308 2072; baseline 0.001 -20"><span class='ocrx_word' id='word_1_147' title='bbox 428 1989 631 2055; x_wconf 82' lang='lat' dir='ltr'>bilito.</span> <span class='ocrx_word' id='word_1_148' title='bbox 728 1987 1085 2056; x_wconf 85' lang='lat' dir='ltr'>Commune</span> <span class='ocrx_word' id='word_1_149' title='bbox 1157 1991 1352 2055; x_wconf 85' lang='lat' dir='ltr'>etiam</span> <span class='ocrx_word' id='word_1_150' title='bbox 1422 2015 1504 2055; x_wconf 82' lang='lat' dir='ltr'>ex</span> <span class='ocrx_word' id='word_1_151' title='bbox 1574 1991 1798 2055; x_wconf 89' lang='lat' dir='ltr'>ordine</span> <span class='ocrx_word' id='word_1_152' title='bbox 1856 1991 1924 2056; x_wconf 91' lang='lat' dir='ltr'>in</span> <span class='ocrx_word' id='word_1_153' title='bbox 1980 1991 2103 2055; x_wconf 93' lang='lat' dir='ltr'>hoc</span> <span class='ocrx_word' id='word_1_154' title='bbox 2158 1991 2332 2054; x_wconf 90' lang='lat' dir='ltr'>idem</span> <span class='ocrx_word' id='word_1_155' title='bbox 2380 1991 2762 2072; x_wconf 85' lang='lat' dir='ltr'>contribuit3</span> <span class='ocrx_word' id='word_1_156' title='bbox 2837 2002 2901 2055; x_wconf 92' lang='lat' dir='ltr'>et</span> <span class='ocrx_word' id='word_1_157' title='bbox 2959 2002 3092 2055; x_wconf 90' lang='lat' dir='ltr'>tam</span> <span class='ocrx_word' id='word_1_158' title='bbox 3141 2013 3308 2056; x_wconf 89' lang='lat' dir='ltr'>com·</span> 
     </span>
     <span class='ocr_line' id='line_1_17' title="bbox 428 2107 3308 2193; baseline 0 -23"><span class='ocrx_word' id='word_1_159' title='bbox 428 2130 619 2171; x_wconf 93' lang='lat' dir='ltr'>mune</span> <span class='ocrx_word' id='word_1_160' title='bbox 669 2130 859 2192; x_wconf 88' lang='lat' dir='ltr'>quam</span> <span class='ocrx_word' id='word_1_161' title='bbox 909 2107 1147 2192; x_wconf 89' lang='lat' dir='ltr'>singuli</span> <span class='ocrx_word' id='word_1_162' title='bbox 1196 2107 1279 2171; x_wconf 89' lang='lat' dir='ltr'>ad</span> <span class='ocrx_word' id='word_1_163' title='bbox 1327 2107 1863 2172; x_wconf 84' lang='lat' dir='ltr'>sustentationem</span> <span class='ocrx_word' id='word_1_164' title='bbox 1910 2107 2198 2193; x_wconf 90' lang='lat' dir='ltr'>ipsorum</span> <span class='ocrx_word' id='word_1_165' title='bbox 2247 2117 2310 2171; x_wconf 90' lang='lat' dir='ltr'>et</span> <span class='ocrx_word' id='word_1_166' title='bbox 2356 2130 2706 2192; x_wconf 88' lang='lat' dir='ltr'>pauperum</span> <span class='ocrx_word' id='word_1_167' title='bbox 2750 2116 2813 2171; x_wconf 88' lang='lat' dir='ltr'>et</span> <span class='ocrx_word' id='word_1_168' title='bbox 2846 2107 3126 2171; x_wconf 83' lang='lat' dir='ltr'>maxime</span> <span class='ocrx_word' id='word_1_169' title='bbox 3162 2130 3308 2171; x_wconf 90' lang='lat' dir='ltr'>con-</span> 
     </span>
     <span class='ocr_line' id='line_1_18' title="bbox 428 2221 3310 2310; baseline -0 -23"><span class='ocrx_word' id='word_1_170' title='bbox 428 2223 765 2291; x_wconf 86' lang='lat' dir='ltr'>fluentium</span> <span class='ocrx_word' id='word_1_171' title='bbox 812 2224 1289 2310; x_wconf 87' lang='lat' dir='ltr'>ad·hospitalia</span> <span class='ocrx_word' id='word_1_172' title='bbox 1335 2225 1620 2289; x_wconf 86' lang='lat' dir='ltr'>ciuitatis</span> <span class='ocrx_word' id='word_1_173' title='bbox 1670 2248 1899 2289; x_wconf 89' lang='lat' dir='ltr'>manus</span> <span class='ocrx_word' id='word_1_174' title='bbox 1950 2225 2290 2310; x_wconf 83' lang='lat' dir='ltr'>sepissime</span> <span class='ocrx_word' id='word_1_175' title='bbox 2339 2223 2678 2288; x_wconf 84' lang='lat' dir='ltr'>conferunt</span> <span class='ocrx_word' id='word_1_176' title='bbox 2718 2223 3085 2287; x_wconf 87' lang='lat' dir='ltr'>adiutrices.</span> <span class='ocrx_word' id='word_1_177' title='bbox 3179 2221 3310 2286; x_wconf 91' lang='lat' dir='ltr'>Do-</span> 
     </span>
     <span class='ocr_line' id='line_1_19' title="bbox 429 2339 3313 2428; baseline 0 -25"><span class='ocrx_word' id='word_1_178' title='bbox 429 2340 603 2404; x_wconf 88' lang='lat' dir='ltr'>mine</span> <span class='ocrx_word' id='word_1_179' title='bbox 673 2363 748 2404; x_wconf 87' lang='lat' dir='ltr'>ac</span> <span class='ocrx_word' id='word_1_180' title='bbox 816 2341 1117 2406; x_wconf 85' lang='lat' dir='ltr'>mu&#39;lieres</span> <span class='ocrx_word' id='word_1_181' title='bbox 1175 2342 1457 2406; x_wconf 85' lang='lat' dir='ltr'>ciuitatis</span> <span class='ocrx_word' id='word_1_182' title='bbox 1506 2341 1695 2406; x_wconf 91' lang='lat' dir='ltr'>huius</span> <span class='ocrx_word' id='word_1_183' title='bbox 1743 2341 2082 2428; x_wconf 88' lang='lat' dir='ltr'>potissime</span> <span class='ocrx_word' id='word_1_184' title='bbox 2130 2341 2636 2426; x_wconf 85' lang='lat' dir='ltr'>eleemosynarie</span> <span class='ocrx_word' id='word_1_185' title='bbox 2685 2351 2836 2404; x_wconf 90' lang='lat' dir='ltr'>sunt</span> <span class='ocrx_word' id='word_1_186' title='bbox 2881 2363 3131 2425; x_wconf 86' lang='lat' dir='ltr'>magne.</span> <span class='ocrx_word' id='word_1_187' title='bbox 3227 2339 3313 2404; x_wconf 89' lang='lat' dir='ltr'>Et</span> 
     </span>
     <span class='ocr_line' id='line_1_20' title="bbox 430 2454 3307 2543; baseline -0.001 -21"><span class='ocrx_word' id='word_1_188' title='bbox 430 2468 613 2523; x_wconf 84' lang='lat' dir='ltr'>tanta</span> <span class='ocrx_word' id='word_1_189' title='bbox 681 2460 984 2523; x_wconf 90' lang='lat' dir='ltr'>continuo</span> <span class='ocrx_word' id='word_1_190' title='bbox 1055 2459 1136 2524; x_wconf 88' lang='lat' dir='ltr'>ad</span> <span class='ocrx_word' id='word_1_191' title='bbox 1207 2482 1352 2523; x_wconf 86' lang='lat' dir='ltr'>eam</span> <span class='ocrx_word' id='word_1_192' title='bbox 1410 2458 1677 2524; x_wconf 89' lang='lat' dir='ltr'>confluit</span> <span class='ocrx_word' id='word_1_193' title='bbox 1733 2459 1811 2522; x_wconf 91' lang='lat' dir='ltr'>de</span> <span class='ocrx_word' id='word_1_194' title='bbox 1869 2456 2143 2523; x_wconf 87' lang='lat' dir='ltr'>diuersis</span> <span class='ocrx_word' id='word_1_195' title='bbox 2199 2458 2492 2543; x_wconf 85' lang='lat' dir='ltr'>partibus</span> <span class='ocrx_word' id='word_1_196' title='bbox 2540 2479 2896 2543; x_wconf 86' lang='lat' dir='ltr'>pauperum</span> <span class='ocrx_word' id='word_1_197' title='bbox 2943 2454 3307 2538; x_wconf 77' lang='lat' dir='ltr'>multitude,</span> 
     </span>
     <span class='ocr_line' id='line_1_21' title="bbox 430 2573 3315 2662; baseline -0.001 -24"><span class='ocrx_word' id='word_1_198' title='bbox 430 2575 603 2661; x_wconf 91' lang='lat' dir='ltr'>quod</span> <span class='ocrx_word' id='word_1_199' title='bbox 648 2599 799 2662; x_wconf 90' lang='lat' dir='ltr'>sepe</span> <span class='ocrx_word' id='word_1_200' title='bbox 846 2588 1169 2662; x_wconf 88' lang='lat' dir='ltr'>repertum</span> <span class='ocrx_word' id='word_1_201' title='bbox 1217 2588 1333 2658; x_wconf 89' lang='lat' dir='ltr'>est,</span> <span class='ocrx_word' id='word_1_202' title='bbox 1385 2575 1557 2661; x_wconf 91' lang='lat' dir='ltr'>quod</span> <span class='ocrx_word' id='word_1_203' title='bbox 1603 2575 1753 2638; x_wconf 91' lang='lat' dir='ltr'>inde</span> <span class='ocrx_word' id='word_1_204' title='bbox 1800 2574 2140 2660; x_wconf 85' lang='lat' dir='ltr'>religiosos</span> <span class='ocrx_word' id='word_1_205' title='bbox 2189 2585 2253 2638; x_wconf 90' lang='lat' dir='ltr'>et</span> <span class='ocrx_word' id='word_1_206' title='bbox 2297 2574 2565 2638; x_wconf 89' lang='lat' dir='ltr'>clericos</span> <span class='ocrx_word' id='word_1_207' title='bbox 2613 2583 2677 2637; x_wconf 89' lang='lat' dir='ltr'>et</span> <span class='ocrx_word' id='word_1_208' title='bbox 2717 2595 3029 2658; x_wconf 88' lang='lat' dir='ltr'>pauperes</span> <span class='ocrx_word' id='word_1_209' title='bbox 3085 2573 3315 2658; x_wconf 89' lang='lat' dir='ltr'>quinta</span> 
     </span>
     <span class='ocr_line' id='line_1_22' title="bbox 430 2687 3312 2780; baseline -0.001 -25"><span class='ocrx_word' id='word_1_210' title='bbox 430 2715 579 2778; x_wconf 90' lang='lat' dir='ltr'>pars</span> <span class='ocrx_word' id='word_1_211' title='bbox 626 2715 879 2756; x_wconf 87' lang='lat' dir='ltr'>annone</span> <span class='ocrx_word' id='word_1_212' title='bbox 928 2692 1099 2757; x_wconf 87' lang='lat' dir='ltr'>cedit</span> <span class='ocrx_word' id='word_1_213' title='bbox 1147 2692 1449 2756; x_wconf 77' lang='lat' dir='ltr'>ciuitatis,</span> <span class='ocrx_word' id='word_1_214' title='bbox 1549 2689 1744 2756; x_wconf 86' lang='lat' dir='ltr'>Ciues</span> <span class='ocrx_word' id='word_1_215' title='bbox 1794 2691 1933 2756; x_wconf 89' lang='lat' dir='ltr'>eius</span> <span class='ocrx_word' id='word_1_216' title='bbox 1980 2691 2282 2776; x_wconf 86' lang='lat' dir='ltr'>armigeri</span> <span class='ocrx_word' id='word_1_217' title='bbox 2331 2690 2785 2754; x_wconf 81' lang='lat' dir='ltr'>existimantur</span> <span class='ocrx_word' id='word_1_218' title='bbox 2830 2687 3012 2780; x_wconf 88' lang='lat' dir='ltr'>milia</span> <span class='ocrx_word' id='word_1_219' title='bbox 3043 2689 3312 2773; x_wconf 88' lang='lat' dir='ltr'>quadra-</span> 
     </span>
     <span class='ocr_line' id='line_1_23' title="bbox 429 2804 3315 2894; baseline -0.002 -22"><span class='ocrx_word' id='word_1_220' title='bbox 429 2808 627 2892; x_wconf 86' lang='lat' dir='ltr'>ginta,</span> <span class='ocrx_word' id='word_1_221' title='bbox 702 2818 765 2872; x_wconf 89' lang='lat' dir='ltr'>et</span> <span class='ocrx_word' id='word_1_222' title='bbox 832 2807 1083 2894; x_wconf 89' lang='lat' dir='ltr'>paruuli</span> <span class='ocrx_word' id='word_1_223' title='bbox 1155 2808 1547 2894; x_wconf 87' lang='lat' dir='ltr'>paruuleque</span> <span class='ocrx_word' id='word_1_224' title='bbox 1604 2818 1862 2872; x_wconf 85' lang='lat' dir='ltr'>centum</span> <span class='ocrx_word' id='word_1_225' title='bbox 1908 2807 2142 2891; x_wconf 81' lang='lat' dir='ltr'>viginti</span> <span class='ocrx_word' id='word_1_226' title='bbox 2191 2806 2396 2870; x_wconf 89' lang='lat' dir='ltr'>millia</span> <span class='ocrx_word' id='word_1_227' title='bbox 2444 2818 2507 2870; x_wconf 89' lang='lat' dir='ltr'>et</span> <span class='ocrx_word' id='word_1_228' title='bbox 2555 2805 2739 2870; x_wconf 88' lang='lat' dir='ltr'>ultra.</span> <span class='ocrx_word' id='word_1_229' title='bbox 2832 2804 3204 2892; x_wconf 88' lang='lat' dir='ltr'>Hospitalia</span> <span class='ocrx_word' id='word_1_230' title='bbox 3251 2819 3315 2868; x_wconf 86' lang='lat' dir='ltr'>et</span> 
     </span>
     <span class='ocr_line' id='line_1_24' title="bbox 428 2920 3315 3009; baseline -0.001 -21"><span class='ocrx_word' id='word_1_231' title='bbox 428 2925 790 3009; x_wconf 77' lang='lat' dir='ltr'>societateS,</span> <span class='ocrx_word' id='word_1_232' title='bbox 849 2925 932 2989; x_wconf 85' lang='lat' dir='ltr'>ad</span> <span class='ocrx_word' id='word_1_233' title='bbox 986 2923 1115 2987; x_wconf 91' lang='lat' dir='ltr'>Dei</span> <span class='ocrx_word' id='word_1_234' title='bbox 1162 2935 1226 2988; x_wconf 92' lang='lat' dir='ltr'>et</span> <span class='ocrx_word' id='word_1_235' title='bbox 1272 2924 1473 2989; x_wconf 87' lang='lat' dir='ltr'>Beate</span> <span class='ocrx_word' id='word_1_236' title='bbox 1520 2924 1727 2988; x_wconf 88' lang='lat' dir='ltr'>Marie</span> <span class='ocrx_word' id='word_1_237' title='bbox 1785 2924 2006 2987; x_wconf 89' lang='lat' dir='ltr'>laudes</span> <span class='ocrx_word' id='word_1_238' title='bbox 2057 2923 2430 3009; x_wconf 86' lang='lat' dir='ltr'>composite,</span> <span class='ocrx_word' id='word_1_239' title='bbox 2497 2921 2699 2985; x_wconf 86' lang='lat' dir='ltr'>multa</span> <span class='ocrx_word' id='word_1_240' title='bbox 2745 2931 2809 2984; x_wconf 92' lang='lat' dir='ltr'>et</span> <span class='ocrx_word' id='word_1_241' title='bbox 2855 2920 3073 3004; x_wconf 89' lang='lat' dir='ltr'>multe,</span> <span class='ocrx_word' id='word_1_242' title='bbox 3146 2921 3315 2985; x_wconf 90' lang='lat' dir='ltr'>inter</span> 
     </span>
     <span class='ocr_line' id='line_1_25' title="bbox 430 3037 3309 3126; baseline -0.002 -22"><span class='ocrx_word' id='word_1_243' title='bbox 430 3063 590 3126; x_wconf 87' lang='lat' dir='ltr'>quas</span> <span class='ocrx_word' id='word_1_244' title='bbox 638 3051 738 3106; x_wconf 92' lang='lat' dir='ltr'>est</span> <span class='ocrx_word' id='word_1_245' title='bbox 784 3041 1061 3126; x_wconf 87' lang='lat' dir='ltr'>quedam</span> <span class='ocrx_word' id='word_1_246' title='bbox 1108 3041 1387 3106; x_wconf 86' lang='lat' dir='ltr'>societas</span> <span class='ocrx_word' id='word_1_247' title='bbox 1433 3037 1659 3104; x_wconf 88' lang='lat' dir='ltr'>Sancti</span> <span class='ocrx_word' id='word_1_248' title='bbox 1706 3038 2052 3105; x_wconf 86' lang='lat' dir='ltr'>Michaelis</span> <span class='ocrx_word' id='word_1_249' title='bbox 2101 3039 2170 3103; x_wconf 93' lang='lat' dir='ltr'>in</span> <span class='ocrx_word' id='word_1_250' title='bbox 2205 3037 2385 3122; x_wconf 78' lang='lat' dir='ltr'>Orto,</span> <span class='ocrx_word' id='word_1_251' title='bbox 2439 3039 2516 3101; x_wconf 89' lang='lat' dir='ltr'>de</span> <span class='ocrx_word' id='word_1_252' title='bbox 2551 3038 2732 3102; x_wconf 89' lang='lat' dir='ltr'>cuius</span> <span class='ocrx_word' id='word_1_253' title='bbox 2767 3059 3021 3101; x_wconf 88' lang='lat' dir='ltr'>camera</span> <span class='ocrx_word' id='word_1_254' title='bbox 3054 3047 3309 3120; x_wconf 86' lang='lat' dir='ltr'>exeunt,</span> 
     </span>
    </p>
   </div>
   <div class='ocr_carea' id='block_1_5' title="bbox 430 3153 3311 3274">
    <p class='ocr_par' dir='ltr' id='par_1_5' title="bbox 430 3153 3311 3274">
     <span class='ocr_line' id='line_1_26' title="bbox 430 3153 3311 3274; baseline -0.001 -55"><span class='ocrx_word' id='word_1_255' title='bbox 430 3179 553 3241; x_wconf 88' lang='lat' dir='ltr'>que</span> <span class='ocrx_word' id='word_1_256' title='bbox 604 3157 1077 3221; x_wconf 82' lang='lat' dir='ltr'>distribuuntur</span> <span class='ocrx_word' id='word_1_257' title='bbox 1123 3157 1425 3274; x_wconf 63' lang='lat' dir='ltr'>continue</span> <span class='ocrx_word' id='word_1_258' title='bbox 1473 3158 1643 3220; x_wconf 90' lang='lat' dir='ltr'>inter</span> <span class='ocrx_word' id='word_1_259' title='bbox 1690 3179 2001 3242; x_wconf 86' lang='lat' dir='ltr'>pauperes</span> <span class='ocrx_word' id='word_1_260' title='bbox 2047 3155 2271 3219; x_wconf 91' lang='lat' dir='ltr'>ordine</span> <span class='ocrx_word' id='word_1_261' title='bbox 2315 3155 2558 3241; x_wconf 90' lang='lat' dir='ltr'>optimo</span> <span class='ocrx_word' id='word_1_262' title='bbox 2601 3153 2935 3218; x_wconf 81' lang='lat' dir='ltr'>annuatim</span> <span class='ocrx_word' id='word_1_263' title='bbox 2986 3177 3108 3217; x_wconf 91' lang='lat' dir='ltr'>uno</span> <span class='ocrx_word' id='word_1_264' title='bbox 3142 3176 3311 3217; x_wconf 90' lang='lat' dir='ltr'>anno</span> 
     </span>
     <span class='ocr_line' id='line_1_27' title="bbox 1282 3243 1301 3274; baseline 0 0"><span class='ocrx_word' id='word_1_265' title='bbox 1282 3243 1301 3274; x_wconf 64' lang='lat' dir='ltr'>b</span> 
     </span>
    </p>
   </div>
   <div class='ocr_carea' id='block_1_6' title="bbox 430 3287 3317 4891">
    <p class='ocr_par' dir='ltr' id='par_1_6' title="bbox 430 3287 3316 4309">
     <span class='ocr_line' id='line_1_28' title="bbox 431 3287 3312 3376; baseline 0 -26"><span class='ocrx_word' id='word_1_266' title='bbox 431 3311 572 3354; x_wconf 86' lang='lat' dir='ltr'>cum</span> <span class='ocrx_word' id='word_1_267' title='bbox 624 3289 751 3354; x_wconf 88' lang='lat' dir='ltr'>alio</span> <span class='ocrx_word' id='word_1_268' title='bbox 801 3301 1213 3376; x_wconf 88' lang='lat' dir='ltr'>compensato</span> <span class='ocrx_word' id='word_1_269' title='bbox 1263 3289 1330 3352; x_wconf 92' lang='lat' dir='ltr'>X</span> <span class='ocrx_word' id='word_1_270' title='bbox 1377 3290 1685 3355; x_wconf 89' lang='lat' dir='ltr'>librarum</span> <span class='ocrx_word' id='word_1_271' title='bbox 1736 3290 2169 3370; x_wconf 86' lang='lat' dir='ltr'>denariorum3</span> <span class='ocrx_word' id='word_1_272' title='bbox 2242 3311 2364 3374; x_wconf 89' lang='lat' dir='ltr'>que</span> <span class='ocrx_word' id='word_1_273' title='bbox 2438 3298 2657 3352; x_wconf 89' lang='lat' dir='ltr'>tamen</span> <span class='ocrx_word' id='word_1_274' title='bbox 2711 3288 2986 3351; x_wconf 86' lang='lat' dir='ltr'>societas</span> <span class='ocrx_word' id='word_1_275' title='bbox 3056 3287 3153 3350; x_wconf 91' lang='lat' dir='ltr'>nil</span> <span class='ocrx_word' id='word_1_276' title='bbox 3197 3287 3312 3352; x_wconf 90' lang='lat' dir='ltr'>im-</span> 
     </span>
     <span class='ocr_line' id='line_1_29' title="bbox 430 3403 3313 3492; baseline -0.001 -24"><span class='ocrx_word' id='word_1_277' title='bbox 430 3405 669 3470; x_wconf 89' lang='lat' dir='ltr'>mobile</span> <span class='ocrx_word' id='word_1_278' title='bbox 738 3407 1047 3492; x_wconf 87' lang='lat' dir='ltr'>possidet,</span> <span class='ocrx_word' id='word_1_279' title='bbox 1122 3406 1235 3470; x_wconf 90' lang='lat' dir='ltr'>sed</span> <span class='ocrx_word' id='word_1_280' title='bbox 1306 3406 1633 3471; x_wconf 84' lang='lat' dir='ltr'>oblatione</span> <span class='ocrx_word' id='word_1_281' title='bbox 1690 3428 1765 3470; x_wconf 89' lang='lat' dir='ltr'>ac</span> <span class='ocrx_word' id='word_1_282' title='bbox 1823 3405 2053 3491; x_wconf 85' lang='lat' dir='ltr'>legatis</span> <span class='ocrx_word' id='word_1_283' title='bbox 2109 3404 2399 3469; x_wconf 88' lang='lat' dir='ltr'>fidelium</span> <span class='ocrx_word' id='word_1_284' title='bbox 2457 3415 2521 3468; x_wconf 89' lang='lat' dir='ltr'>et</span> <span class='ocrx_word' id='word_1_285' title='bbox 2573 3404 2830 3468; x_wconf 88' lang='lat' dir='ltr'>illorum</span> <span class='ocrx_word' id='word_1_286' title='bbox 2879 3403 2957 3467; x_wconf 90' lang='lat' dir='ltr'>de</span> <span class='ocrx_word' id='word_1_287' title='bbox 3006 3403 3313 3468; x_wconf 88' lang='lat' dir='ltr'>societate</span> 
     </span>
     <span class='ocr_line' id='line_1_30' title="bbox 433 3518 3312 3607; baseline -0.001 -21"><span class='ocrx_word' id='word_1_288' title='bbox 433 3523 905 3588; x_wconf 86' lang='lat' dir='ltr'>contributione</span> <span class='ocrx_word' id='word_1_289' title='bbox 975 3523 1098 3588; x_wconf 89' lang='lat' dir='ltr'>hoc</span> <span class='ocrx_word' id='word_1_290' title='bbox 1165 3522 1339 3588; x_wconf 86' lang='lat' dir='ltr'>facit.</span> <span class='ocrx_word' id='word_1_291' title='bbox 1434 3523 1806 3587; x_wconf 88' lang='lat' dir='ltr'>Nouissime</span> <span class='ocrx_word' id='word_1_292' title='bbox 1863 3522 2127 3607; x_wconf 89' lang='lat' dir='ltr'>quidem</span> <span class='ocrx_word' id='word_1_293' title='bbox 2181 3520 2476 3585; x_wconf 85' lang='lat' dir='ltr'>officialis</span> <span class='ocrx_word' id='word_1_294' title='bbox 2526 3531 2778 3585; x_wconf 87' lang='lat' dir='ltr'>creatus</span> <span class='ocrx_word' id='word_1_295' title='bbox 2827 3530 2926 3583; x_wconf 90' lang='lat' dir='ltr'>est</span> <span class='ocrx_word' id='word_1_296' title='bbox 2971 3519 3055 3584; x_wconf 86' lang='lat' dir='ltr'>ad</span> <span class='ocrx_word' id='word_1_297' title='bbox 3100 3518 3312 3604; x_wconf 90' lang='lat' dir='ltr'>prohi-</span> 
     </span>
     <span class='ocr_line' id='line_1_31' title="bbox 430 3620 3312 3723; baseline -0.001 -21"><span class='ocrx_word' id='word_1_298' title='bbox 430 3639 715 3702; x_wconf 87' lang='lat' dir='ltr'>bendum</span> <span class='ocrx_word' id='word_1_299' title='bbox 761 3641 1047 3703; x_wconf 90' lang='lat' dir='ltr'>uirorum</span> <span class='ocrx_word' id='word_1_300' title='bbox 1094 3651 1157 3704; x_wconf 90' lang='lat' dir='ltr'>et</span> <span class='ocrx_word' id='word_1_301' title='bbox 1201 3620 1545 3704; x_wconf 84' lang='lat' dir='ltr'>mulierum</span> <span class='ocrx_word' id='word_1_302' title='bbox 1589 3639 1959 3704; x_wconf 87' lang='lat' dir='ltr'>indecentia</span> <span class='ocrx_word' id='word_1_303' title='bbox 2005 3649 2070 3702; x_wconf 97' lang='lat' dir='ltr'>et</span> <span class='ocrx_word' id='word_1_304' title='bbox 2115 3638 2439 3723; x_wconf 89' lang='lat' dir='ltr'>superflua</span> <span class='ocrx_word' id='word_1_305' title='bbox 2485 3646 2864 3700; x_wconf 86' lang='lat' dir='ltr'>ornamenta</span> <span class='ocrx_word' id='word_1_306' title='bbox 2909 3645 2974 3700; x_wconf 90' lang='lat' dir='ltr'>et</span> <span class='ocrx_word' id='word_1_307' title='bbox 3020 3647 3312 3722; x_wconf 85' lang='lat' dir='ltr'>sumptus</span> 
     </span>
     <span class='ocr_line' id='line_1_32' title="bbox 433 3751 3310 3842; baseline -0.001 -22"><span class='ocrx_word' id='word_1_308' title='bbox 433 3756 787 3842; x_wconf 88' lang='lat' dir='ltr'>superfluos</span> <span class='ocrx_word' id='word_1_309' title='bbox 855 3766 1046 3842; x_wconf 88' lang='lat' dir='ltr'>atque</span> <span class='ocrx_word' id='word_1_310' title='bbox 1116 3779 1403 3842; x_wconf 87' lang='lat' dir='ltr'>pompas.</span> <span class='ocrx_word' id='word_1_311' title='bbox 1498 3755 1770 3841; x_wconf 86' lang='lat' dir='ltr'>Regitur</span> <span class='ocrx_word' id='word_1_312' title='bbox 1815 3755 1934 3819; x_wconf 91' lang='lat' dir='ltr'>hec</span> <span class='ocrx_word' id='word_1_313' title='bbox 1989 3777 2105 3840; x_wconf 90' lang='lat' dir='ltr'>per</span> <span class='ocrx_word' id='word_1_314' title='bbox 2150 3755 2549 3840; x_wconf 89' lang='lat' dir='ltr'>Episcopum</span> <span class='ocrx_word' id='word_1_315' title='bbox 2595 3751 3035 3838; x_wconf 89' lang='lat' dir='ltr'>spiritualiter,</span> <span class='ocrx_word' id='word_1_316' title='bbox 3111 3751 3310 3835; x_wconf 83' lang='lat' dir='ltr'>cuiuS,</span> 
     </span>
     <span class='ocr_line' id='line_1_33' title="bbox 432 3864 3312 3960; baseline -0.002 -23"><span class='ocrx_word' id='word_1_317' title='bbox 432 3871 647 3958; x_wconf 85' lang='lat' dir='ltr'>quoad</span> <span class='ocrx_word' id='word_1_318' title='bbox 704 3896 798 3957; x_wconf 89' lang='lat' dir='ltr'>ea,</span> <span class='ocrx_word' id='word_1_319' title='bbox 872 3896 995 3959; x_wconf 91' lang='lat' dir='ltr'>que</span> <span class='ocrx_word' id='word_1_320' title='bbox 1059 3874 1137 3937; x_wconf 91' lang='lat' dir='ltr'>de</span> <span class='ocrx_word' id='word_1_321' title='bbox 1194 3874 1397 3960; x_wconf 89' lang='lat' dir='ltr'>ipsius</span> <span class='ocrx_word' id='word_1_322' title='bbox 1447 3873 1891 3937; x_wconf 89' lang='lat' dir='ltr'>iurisdictione</span> <span class='ocrx_word' id='word_1_323' title='bbox 1950 3882 2128 3954; x_wconf 90' lang='lat' dir='ltr'>sunt,</span> <span class='ocrx_word' id='word_1_324' title='bbox 2187 3894 2425 3956; x_wconf 87' lang='lat' dir='ltr'>magna</span> <span class='ocrx_word' id='word_1_325' title='bbox 2471 3864 2683 3951; x_wconf 81' lang='lat' dir='ltr'>cura³)</span> <span class='ocrx_word' id='word_1_326' title='bbox 2731 3868 2979 3932; x_wconf 89' lang='lat' dir='ltr'>duobus</span> <span class='ocrx_word' id='word_1_327' title='bbox 3027 3866 3312 3931; x_wconf 85' lang='lat' dir='ltr'>Vicariis</span> 
     </span>
     <span class='ocr_line' id='line_1_34' title="bbox 431 3985 3316 4076; baseline -0.002 -23"><span class='ocrx_word' id='word_1_328' title='bbox 431 3990 845 4074; x_wconf 84' lang='lat' dir='ltr'>gubernatur.</span> <span class='ocrx_word' id='word_1_329' title='bbox 939 3987 1231 4076; x_wconf 88' lang='lat' dir='ltr'>Suntque</span> <span class='ocrx_word' id='word_1_330' title='bbox 1299 3990 1405 4054; x_wconf 91' lang='lat' dir='ltr'>hic</span> <span class='ocrx_word' id='word_1_331' title='bbox 1474 3989 1868 4054; x_wconf 88' lang='lat' dir='ltr'>monasteria</span> <span class='ocrx_word' id='word_1_332' title='bbox 1936 4011 2172 4073; x_wconf 85' lang='lat' dir='ltr'>magna</span> <span class='ocrx_word' id='word_1_333' title='bbox 2226 3998 2290 4052; x_wconf 88' lang='lat' dir='ltr'>et</span> <span class='ocrx_word' id='word_1_334' title='bbox 2347 3986 2550 4050; x_wconf 87' lang='lat' dir='ltr'>multa</span> <span class='ocrx_word' id='word_1_335' title='bbox 2602 3997 2736 4050; x_wconf 88' lang='lat' dir='ltr'>tam</span> <span class='ocrx_word' id='word_1_336' title='bbox 2787 3985 3072 4048; x_wconf 91' lang='lat' dir='ltr'>uirorum</span> <span class='ocrx_word' id='word_1_337' title='bbox 3120 4007 3316 4069; x_wconf 87' lang='lat' dir='ltr'>quam</span> 
     </span>
     <span class='ocr_line' id='line_1_35' title="bbox 430 4100 3313 4194; baseline -0.003 -22"><span class='ocrx_word' id='word_1_338' title='bbox 430 4107 791 4192; x_wconf 89' lang='lat' dir='ltr'>mulierum,</span> <span class='ocrx_word' id='word_1_339' title='bbox 843 4117 1143 4194; x_wconf 84' lang='lat' dir='ltr'>exempta</span> <span class='ocrx_word' id='word_1_340' title='bbox 1189 4117 1253 4170; x_wconf 90' lang='lat' dir='ltr'>et</span> <span class='ocrx_word' id='word_1_341' title='bbox 1297 4130 1428 4171; x_wconf 93' lang='lat' dir='ltr'>non</span> <span class='ocrx_word' id='word_1_342' title='bbox 1484 4116 1804 4192; x_wconf 82' lang='lat' dir='ltr'>exempta.</span> <span class='ocrx_word' id='word_1_343' title='bbox 1900 4103 1951 4168; x_wconf 90' lang='lat' dir='ltr'>T</span> <span class='ocrx_word' id='word_1_344' title='bbox 1958 4103 2369 4190; x_wconf 84' lang='lat' dir='ltr'>emporaliter</span> <span class='ocrx_word' id='word_1_345' title='bbox 2421 4103 2666 4187; x_wconf 85' lang='lat' dir='ltr'>regitur</span> <span class='ocrx_word' id='word_1_346' title='bbox 2712 4125 2750 4164; x_wconf 89' lang='lat' dir='ltr'>a</span> <span class='ocrx_word' id='word_1_347' title='bbox 2795 4100 2980 4164; x_wconf 90' lang='lat' dir='ltr'>laicis</span> <span class='ocrx_word' id='word_1_348' title='bbox 3029 4100 3098 4163; x_wconf 91' lang='lat' dir='ltr'>in</span> <span class='ocrx_word' id='word_1_349' title='bbox 3146 4122 3313 4163; x_wconf 87' lang='lat' dir='ltr'>com·</span> 
     </span>
     <span class='ocr_line' id='line_1_36' title="bbox 432 4217 3082 4309; baseline -0.003 -22"><span class='ocrx_word' id='word_1_350' title='bbox 432 4224 612 4289; x_wconf 92' lang='lat' dir='ltr'>muni</span> <span class='ocrx_word' id='word_1_351' title='bbox 658 4246 779 4288; x_wconf 90' lang='lat' dir='ltr'>nec</span> <span class='ocrx_word' id='word_1_352' title='bbox 826 4224 1241 4309; x_wconf 90' lang='lat' dir='ltr'>superiorem,</span> <span class='ocrx_word' id='word_1_353' title='bbox 1292 4222 1505 4308; x_wconf 90' lang='lat' dir='ltr'>quoad</span> <span class='ocrx_word' id='word_1_354' title='bbox 1552 4222 1950 4308; x_wconf 85' lang='lat' dir='ltr'>temporalia,</span> <span class='ocrx_word' id='word_1_355' title='bbox 2000 4243 2220 4305; x_wconf 88' lang='lat' dir='ltr'>regem</span> <span class='ocrx_word' id='word_1_356' title='bbox 2268 4219 2371 4283; x_wconf 92' lang='lat' dir='ltr'>uel</span> <span class='ocrx_word' id='word_1_357' title='bbox 2418 4219 2616 4283; x_wconf 86' lang='lat' dir='ltr'>alium</span> <span class='ocrx_word' id='word_1_358' title='bbox 2661 4217 3082 4302; x_wconf 89' lang='lat' dir='ltr'>recognoscit.</span> 
     </span>
    </p>

    <p class='ocr_par' dir='ltr' id='par_1_7' title="bbox 434 4331 3317 4891">
     <span class='ocr_line' id='line_1_37' title="bbox 655 4331 3308 4422; baseline -0.004 -18"><span class='ocrx_word' id='word_1_359' title='bbox 655 4339 829 4404; x_wconf 85' lang='lat' dir='ltr'>Vina</span> <span class='ocrx_word' id='word_1_360' title='bbox 876 4350 1027 4404; x_wconf 91' lang='lat' dir='ltr'>sunt</span> <span class='ocrx_word' id='word_1_361' title='bbox 1073 4338 1264 4404; x_wconf 87' lang='lat' dir='ltr'>hodie</span> <span class='ocrx_word' id='word_1_362' title='bbox 1312 4339 1380 4403; x_wconf 91' lang='lat' dir='ltr'>in</span> <span class='ocrx_word' id='word_1_363' title='bbox 1428 4338 1749 4403; x_wconf 91' lang='lat' dir='ltr'>territorio</span> <span class='ocrx_word' id='word_1_364' title='bbox 1784 4339 1920 4401; x_wconf 92' lang='lat' dir='ltr'>eius</span> <span class='ocrx_word' id='word_1_365' title='bbox 1954 4338 2200 4422; x_wconf 88' lang='lat' dir='ltr'>optima</span> <span class='ocrx_word' id='word_1_366' title='bbox 2232 4347 2296 4400; x_wconf 93' lang='lat' dir='ltr'>et</span> <span class='ocrx_word' id='word_1_367' title='bbox 2327 4334 2686 4414; x_wconf 81' lang='lat' dir='ltr'>abundant3</span> <span class='ocrx_word' id='word_1_368' title='bbox 2739 4345 2804 4396; x_wconf 88' lang='lat' dir='ltr'>et</span> <span class='ocrx_word' id='word_1_369' title='bbox 2835 4332 2994 4396; x_wconf 90' lang='lat' dir='ltr'>illud</span> <span class='ocrx_word' id='word_1_370' title='bbox 3027 4331 3308 4414; x_wconf 89' lang='lat' dir='ltr'>bladum,</span> 
     </span>
     <span class='ocr_line' id='line_1_38' title="bbox 435 4447 3315 4541; baseline -0.003 -22"><span class='ocrx_word' id='word_1_371' title='bbox 435 4456 607 4541; x_wconf 88' lang='lat' dir='ltr'>quod</span> <span class='ocrx_word' id='word_1_372' title='bbox 651 4456 721 4520; x_wconf 91' lang='lat' dir='ltr'>in</span> <span class='ocrx_word' id='word_1_373' title='bbox 770 4479 847 4520; x_wconf 89' lang='lat' dir='ltr'>ea</span> <span class='ocrx_word' id='word_1_374' title='bbox 892 4455 1232 4540; x_wconf 86' lang='lat' dir='ltr'>colligitur,</span> <span class='ocrx_word' id='word_1_375' title='bbox 1284 4457 1616 4541; x_wconf 86' lang='lat' dir='ltr'>optimum,</span> <span class='ocrx_word' id='word_1_376' title='bbox 1667 4463 1885 4518; x_wconf 86' lang='lat' dir='ltr'>tamen</span> <span class='ocrx_word' id='word_1_377' title='bbox 1926 4464 2104 4517; x_wconf 86' lang='lat' dir='ltr'>tante</span> <span class='ocrx_word' id='word_1_378' title='bbox 2136 4451 2533 4516; x_wconf 90' lang='lat' dir='ltr'>multitudini</span> <span class='ocrx_word' id='word_1_379' title='bbox 2566 4473 2696 4513; x_wconf 92' lang='lat' dir='ltr'>non</span> <span class='ocrx_word' id='word_1_380' title='bbox 2729 4448 3078 4530; x_wconf 84' lang='lat' dir='ltr'>sufficienS,</span> <span class='ocrx_word' id='word_1_381' title='bbox 3130 4447 3243 4511; x_wconf 90' lang='lat' dir='ltr'>sed</span> <span class='ocrx_word' id='word_1_382' title='bbox 3276 4471 3315 4510; x_wconf 88' lang='lat' dir='ltr'>a</span> 
     </span>
     <span class='ocr_line' id='line_1_39' title="bbox 434 4563 3311 4659; baseline -0.003 -23"><span class='ocrx_word' id='word_1_383' title='bbox 434 4573 668 4637; x_wconf 89' lang='lat' dir='ltr'>uicinis</span> <span class='ocrx_word' id='word_1_384' title='bbox 702 4573 1013 4659; x_wconf 75' lang='lat' dir='ltr'>partibUS,</span> <span class='ocrx_word' id='word_1_385' title='bbox 1066 4572 1237 4657; x_wconf 92' lang='lat' dir='ltr'>quod</span> <span class='ocrx_word' id='word_1_386' title='bbox 1269 4572 1505 4654; x_wconf 88' lang='lat' dir='ltr'>deficit,</span> <span class='ocrx_word' id='word_1_387' title='bbox 1542 4572 1636 4636; x_wconf 92' lang='lat' dir='ltr'>sic</span> <span class='ocrx_word' id='word_1_388' title='bbox 1668 4570 2074 4656; x_wconf 86' lang='lat' dir='ltr'>adimpletur,</span> <span class='ocrx_word' id='word_1_389' title='bbox 2111 4568 2284 4655; x_wconf 92' lang='lat' dir='ltr'>quod</span> <span class='ocrx_word' id='word_1_390' title='bbox 2315 4566 2644 4632; x_wconf 90' lang='lat' dir='ltr'>rarissime</span> <span class='ocrx_word' id='word_1_391' title='bbox 2677 4564 2918 4651; x_wconf 86' lang='lat' dir='ltr'>patitur</span> <span class='ocrx_word' id='word_1_392' title='bbox 2950 4563 3311 4628; x_wconf 85' lang='lat' dir='ltr'>carestiam.</span> 
     </span>
     <span class='ocr_line' id='line_1_40' title="bbox 438 4677 3314 4775; baseline -0.003 -23"><span class='ocrx_word' id='word_1_393' title='bbox 438 4685 669 4753; x_wconf 88' lang='lat' dir='ltr'>Oleum</span> <span class='ocrx_word' id='word_1_394' title='bbox 718 4688 1035 4754; x_wconf 86' lang='lat' dir='ltr'>oliuarum</span> <span class='ocrx_word' id='word_1_395' title='bbox 1084 4711 1337 4774; x_wconf 88' lang='lat' dir='ltr'>quoque</span> <span class='ocrx_word' id='word_1_396' title='bbox 1384 4688 1831 4775; x_wconf 87' lang='lat' dir='ltr'>peroptimum,</span> <span class='ocrx_word' id='word_1_397' title='bbox 1893 4710 2021 4772; x_wconf 89' lang='lat' dir='ltr'>quo</span> <span class='ocrx_word' id='word_1_398' title='bbox 2070 4685 2298 4750; x_wconf 90' lang='lat' dir='ltr'>melius</span> <span class='ocrx_word' id='word_1_399' title='bbox 2347 4681 2629 4749; x_wconf 89' lang='lat' dir='ltr'>inueniri</span> <span class='ocrx_word' id='word_1_400' title='bbox 2675 4704 2806 4744; x_wconf 92' lang='lat' dir='ltr'>non</span> <span class='ocrx_word' id='word_1_401' title='bbox 2853 4688 3084 4766; x_wconf 86' lang='lat' dir='ltr'>potest,</span> <span class='ocrx_word' id='word_1_402' title='bbox 3136 4687 3200 4742; x_wconf 86' lang='lat' dir='ltr'>et</span> <span class='ocrx_word' id='word_1_403' title='bbox 3245 4677 3314 4742; x_wconf 92' lang='lat' dir='ltr'>in</span> 
     </span>
     <span class='ocr_line' id='line_1_41' title="bbox 436 4796 3317 4891; baseline -0.005 -21"><span class='ocrx_word' id='word_1_404' title='bbox 436 4807 722 4870; x_wconf 83' lang='lat' dir='ltr'>maxima</span> <span class='ocrx_word' id='word_1_405' title='bbox 767 4805 1145 4891; x_wconf 87' lang='lat' dir='ltr'>quantitate,</span> <span class='ocrx_word' id='word_1_406' title='bbox 1196 4815 1267 4868; x_wconf 88' lang='lat' dir='ltr'>ut</span> <span class='ocrx_word' id='word_1_407' title='bbox 1312 4827 1443 4869; x_wconf 91' lang='lat' dir='ltr'>non</span> <span class='ocrx_word' id='word_1_408' title='bbox 1492 4804 1700 4868; x_wconf 93' lang='lat' dir='ltr'>solum</span> <span class='ocrx_word' id='word_1_409' title='bbox 1748 4804 1874 4868; x_wconf 90' lang='lat' dir='ltr'>sibi</span> <span class='ocrx_word' id='word_1_410' title='bbox 1924 4802 2220 4885; x_wconf 87' lang='lat' dir='ltr'>sufficiat,</span> <span class='ocrx_word' id='word_1_411' title='bbox 2273 4801 2388 4866; x_wconf 89' lang='lat' dir='ltr'>sed</span> <span class='ocrx_word' id='word_1_412' title='bbox 2436 4800 2513 4862; x_wconf 88' lang='lat' dir='ltr'>de</span> <span class='ocrx_word' id='word_1_413' title='bbox 2559 4798 2673 4862; x_wconf 88' lang='lat' dir='ltr'>illo</span> <span class='ocrx_word' id='word_1_414' title='bbox 2704 4796 2940 4861; x_wconf 90' lang='lat' dir='ltr'>uicinis</span> <span class='ocrx_word' id='word_1_415' title='bbox 2981 4796 3050 4860; x_wconf 92' lang='lat' dir='ltr'>in</span> <span class='ocrx_word' id='word_1_416' title='bbox 3080 4817 3317 4879; x_wconf 86' lang='lat' dir='ltr'>magna</span> 
     </span>
    </p>
   </div>
   <div class='ocr_carea' id='block_1_7' title="bbox 615 5020 3313 5213">
    <p class='ocr_par' dir='ltr' id='par_1_8' title="bbox 615 5020 3313 5213">
     <span class='ocr_line' id='line_1_42' title="bbox 618 5020 3313 5136; baseline -0.007 -46"><span class='ocrx_word' id='word_1_417' title='bbox 618 5037 657 5104; x_wconf 88' lang='lat'>¹)</span> <span class='ocrx_word' id='word_1_418' title='bbox 696 5033 864 5089; x_wconf 86' lang='lat' dir='ltr'>wohl</span> <span class='ocrx_word' id='word_1_419' title='bbox 899 5053 1006 5089; x_wconf 86' lang='lat' dir='ltr'>von</span> <span class='ocrx_word' id='word_1_420' title='bbox 1046 5033 1142 5088; x_wconf 89' lang='lat' dir='ltr'>der</span> <span class='ocrx_word' id='word_1_421' title='bbox 1176 5035 1312 5088; x_wconf 77' lang='lat' dir='ltr'>Arte</span> <span class='ocrx_word' id='word_1_422' title='bbox 1352 5031 1495 5104; x_wconf 88' lang='lat' dir='ltr'>degli</span> <span class='ocrx_word' id='word_1_423' title='bbox 1535 5031 1736 5136; x_wconf 67' lang='lat' dir='ltr'>Spadai</span> <span class='ocrx_word' id='word_1_424' title='bbox 1774 5031 1864 5086; x_wconf 89' lang='lat' dir='ltr'>bei</span> <span class='ocrx_word' id='word_1_425' title='bbox 1902 5031 2028 5085; x_wconf 90' lang='lat' dir='ltr'>dem</span> <span class='ocrx_word' id='word_1_426' title='bbox 2054 5029 2230 5084; x_wconf 90' lang='lat' dir='ltr'>Thore</span> <span class='ocrx_word' id='word_1_427' title='bbox 2270 5027 2380 5083; x_wconf 88' lang='lat' dir='ltr'>und</span> <span class='ocrx_word' id='word_1_428' title='bbox 2418 5027 2516 5083; x_wconf 90' lang='lat' dir='ltr'>der</span> <span class='ocrx_word' id='word_1_429' title='bbox 2541 5026 2756 5082; x_wconf 77' lang='lat' dir='ltr'>strasse</span> <span class='ocrx_word' id='word_1_430' title='bbox 2792 5021 3034 5095; x_wconf 87' lang='lat' dir='ltr'>gleichen</span> <span class='ocrx_word' id='word_1_431' title='bbox 3060 5020 3313 5074; x_wconf 77' lang='lat' dir='ltr'>NamenS.</span> 
     </span>
     <span class='ocr_line' id='line_1_43' title="bbox 615 5134 2464 5213; baseline -0.004 -17"><span class='ocrx_word' id='word_1_432' title='bbox 615 5142 655 5211; x_wconf 83' lang='lat'>²)</span> <span class='ocrx_word' id='word_1_433' title='bbox 692 5141 1095 5196; x_wconf 78' lang='lat' dir='ltr'>Baluze-Mansi</span> <span class='ocrx_word' id='word_1_434' title='bbox 1142 5142 1259 5213; x_wconf 86' lang='lat' dir='ltr'>qui3</span> <span class='ocrx_word' id='word_1_435' title='bbox 1304 5141 1483 5212; x_wconf 83' lang='lat' dir='ltr'>Bongi</span> <span class='ocrx_word' id='word_1_436' title='bbox 1520 5157 1641 5212; x_wconf 85' lang='lat' dir='ltr'>que,</span> <span class='ocrx_word' id='word_1_437' title='bbox 1680 5157 1790 5193; x_wconf 82' lang='lat' dir='ltr'>was</span> <span class='ocrx_word' id='word_1_438' title='bbox 1829 5134 2341 5191; x_wconf 86' lang='lat' dir='ltr'>unwahrscheinlich</span> <span class='ocrx_word' id='word_1_439' title='bbox 2377 5135 2464 5189; x_wconf 87' lang='lat' dir='ltr'>ist.</span> 
     </span>
    </p>
   </div>
   <div class='ocr_carea' id='block_1_8' title="bbox 495 5213 2914 5392">
    <p class='ocr_par' dir='ltr' id='par_1_9' title="bbox 495 5213 2914 5392">
     <span class='ocr_line' id='line_1_44' title="bbox 613 5213 2914 5318; baseline -0.006 -15"><span class='ocrx_word' id='word_1_440' title='bbox 613 5251 660 5318; x_wconf 82' lang='lat'>³)</span> <span class='ocrx_word' id='word_1_441' title='bbox 698 5247 1101 5302; x_wconf 55' lang='lat' dir='ltr'>BaluzeMansi</span> <span class='ocrx_word' id='word_1_442' title='bbox 1140 5265 1289 5312; x_wconf 85' lang='lat' dir='ltr'>cura3</span> <span class='ocrx_word' id='word_1_443' title='bbox 1326 5247 1503 5318; x_wconf 88' lang='lat' dir='ltr'>Bongi</span> <span class='ocrx_word' id='word_1_444' title='bbox 1542 5213 1703 5300; x_wconf 72' lang='lat' dir='ltr'>curia.</span> <span class='ocrx_word' id='word_1_445' title='bbox 1778 5245 1907 5298; x_wconf 89' lang='lat' dir='ltr'>Dies</span> <span class='ocrx_word' id='word_1_446' title='bbox 1948 5243 2168 5297; x_wconf 87' lang='lat' dir='ltr'>letztere</span> <span class='ocrx_word' id='word_1_447' title='bbox 2207 5241 2416 5295; x_wconf 87' lang='lat' dir='ltr'>scheint</span> <span class='ocrx_word' id='word_1_448' title='bbox 2451 5238 2644 5309; x_wconf 87' lang='lat' dir='ltr'>richtig</span> <span class='ocrx_word' id='word_1_449' title='bbox 2680 5255 2746 5290; x_wconf 89' lang='lat' dir='ltr'>zu</span> <span class='ocrx_word' id='word_1_450' title='bbox 2783 5237 2914 5290; x_wconf 88' lang='lat' dir='ltr'>sein.</span> 
     </span>
     <span class='ocr_line' id='line_1_45' title="bbox 495 5327 2888 5392; baseline 0 -13"><span class='ocrx_word' id='word_1_451' title='bbox 495 5340 663 5392; x_wconf 78' lang='lat' dir='ltr'>Frey,</span> <span class='ocrx_word' id='word_1_452' title='bbox 692 5341 765 5381; x_wconf 81' lang='lat' dir='ltr'>die</span> <span class='ocrx_word' id='word_1_453' title='bbox 792 5341 959 5388; x_wconf 70' lang='lat' dir='ltr'>Loggia</span> <span class='ocrx_word' id='word_1_454' title='bbox 986 5339 1055 5380; x_wconf 78' lang='lat' dir='ltr'>del</span> <span class='ocrx_word' id='word_1_455' title='bbox 1084 5339 1273 5388; x_wconf 70' lang='lat' dir='ltr'>signori.</span> <span class='ocrx_word' id='word_1_456' title='bbox 2821 5327 2888 5380; x_wconf 86' lang='grc'>16</span> 
     </span>
    </p>
   </div>
  </div>
 </body>
</html>
