4009 5859
1831 459 1961 522 259

460 659 575 722 pro
623 635 814 702 dictis
861 657 1058 721 opera
1104 643 1167 699 et
1212 634 1532 718 hedifici0,
1584 633 1883 700 denarios
1932 636 1973 700 6
2016 634 2059 700 f.
2095 657 2156 721 p.
2204 658 2323 722 pro
2372 637 2661 722 qualibet
2707 637 2875 701 libra
2914 638 3109 702 totius
3144 659 3342 724 quan·

459 750 694 834 titatis,
745 773 870 836 que
917 751 1083 815 solui
1131 750 1396 816 debebit
1439 773 1554 836 pro
1601 751 1716 815 tali
1764 751 2095 815 taxatione
2142 751 2245 815 uel
2294 753 2759 838 compositione
2804 763 2869 818 et
2912 753 3083 818 infra
3127 754 3343 818 termi-

461 891 645 950 num,
705 867 876 932 infra
929 889 1124 953 quem
1175 867 1321 953 ipsa
1375 867 1621 932 taxatio
1679 867 1784 930 uel
1833 868 2213 953 compositio
2262 867 2429 932 solui
2476 871 2869 955 opportebit3
2931 880 2996 934 et
3041 870 3191 936 talis
3241 893 3342 935 ca-

463 984 804 1067 merariuS,
880 983 983 1049 cui
1053 983 1386 1049 soluentur
1437 984 1577 1070 ipse
1633 983 1998 1048 taxationes
2048 984 2153 1048 uel
2201 985 2699 1070 compositiones
2748 995 3086 1051 teneantur
3135 985 3341 1053 dictos

463 1098 761 1165 denarios
810 1102 851 1166 6
896 1123 1014 1186 pro
1078 1099 1246 1166 libra
1300 1100 1586 1186 recipere
1644 1109 1708 1163 et
1763 1100 2041 1164 retinere
2099 1099 2267 1164 ultra
2313 1101 2766 1186 quantitatem,
2837 1102 3123 1169 debitam
3170 1104 3342 1169 dicto

463 1217 738 1300 comuni,
789 1225 853 1281 et
899 1216 1156 1281 demum
1188 1225 1412 1299 totum,
1463 1214 1636 1301 quod
1674 1224 2016 1301 propterea
2046 1217 2378 1302 receperit,
2431 1218 2681 1282 soluere
2714 1227 2778 1282 et
2810 1218 2963 1284 dare
2990 1220 3342 1285 camerario

462 1354 653 1418 opere
714 1343 778 1397 et
823 1333 1108 1397 hedificii
1157 1331 1540 1418 supradicti3
1601 1341 1666 1396 et
1712 1331 1883 1418 quod
1931 1333 2151 1417 uigore
2201 1332 2517 1397 dictarum
2565 1335 2967 1399 taxationum
3014 1357 3128 1400 seu
3176 1357 3342 1401 com-

460 1449 871 1536 positionum,
921 1472 1036 1536 pro
1085 1472 1213 1536 qua
1257 1472 1389 1513 non
1432 1447 1675 1512 fuerint
1722 1449 1916 1514 soluti
1964 1449 2120 1513 dicti
2169 1449 2419 1514 denarii
2451 1451 2492 1515 6
2540 1472 2655 1536 pro
2702 1451 2888 1534 libra,
2938 1460 3010 1515 ut
3047 1451 3341 1537 superius

463 1564 705 1631 dictum
747 1576 864 1651 est,
913 1566 1130 1631 nullus
1162 1565 1369 1651 possit
1400 1564 1745 1629 cancellari
1781 1566 1881 1629 uel
1913 1565 2177 1651 aliquod
2210 1565 2444 1630 exinde
2475 1567 2865 1632 beneficium
2894 1567 3187 1632 obtinere
3220 1575 3340 1632 cet.

681 1683 846 1748 Item
893 1683 1064 1770 quod
1110 1705 1331 1748 omnes
1380 1693 1445 1747 et
1476 1665 1716 1768 singuli
1745 1683 1986 1769 populi,
2040 1679 2529 1767 comunitates²)
2562 1693 2625 1748 et
2656 1683 3015 1770 singulares
3048 1707 3338 1770 persone,

463 1801 572 1886 qui
619 1800 726 1864 uel
771 1823 894 1886 que
939 1799 1248 1864 hactenus
1297 1798 1723 1864 incurrissent
1757 1799 1858 1864 uel
1892 1800 1960 1863 in
1998 1799 2285 1864 futurum
2325 1801 2727 1865 incurrerent
2758 1801 2827 1865 in
2859 1800 3108 1886 aliquas
3140 1823 3341 1886 penas

463 1917 800 1981 occasione
847 1917 1134 1981 alicuius·
1167 1915 1418 2001 gabelle
1469 1915 1625 1979 dicti
1673 1917 1982 1997 comunis,
2035 1914 2331 1980 ordinate
2364 1917 2468 1980 uel
2500 1916 2871 2001 ordinande,
2924 1939 3046 2002 que
3077 1939 3242 2003 pene
3270 1917 3341 1981 in

462 2041 667 2096 totum
734 2031 840 2098 uel
906 2032 974 2095 in
1044 2041 1294 2116 partem
1348 2032 1726 2096 tollerentur
1773 2053 1887 2096 seu
1933 2027 2407 2115 remictentur2)
2454 2031 2676 2118 uigore
2722 2033 2993 2098 alicuius
3037 2030 3341 2097 reforma-

463 2149 658 2213 tionis
729 2171 844 2213 seu
903 2148 1294 2234 prouisionis
1342 2147 1499 2212 dicti
1548 2147 1864 2230 comuniS,
1939 2157 2281 2212 teneantur
2327 2157 2392 2211 et
2438 2147 2717 2212 debeant
2760 2147 2929 2212 infra
2974 2149 3338 2231 terminum,

463 2264 632 2329 infra
677 2287 866 2351 quem
913 2263 1268 2330 secundum
1311 2262 1586 2328 formam
1631 2262 1782 2328 talis
1829 2262 2221 2348 prouisionis
2270 2273 2335 2327 et
2374 2263 2849 2328 reformationis
2882 2262 3046 2328 solui
3081 2263 3345 2327 debebit

461 2381 608 2466 ipsa
659 2380 938 2466 gabella,
1011 2379 1344 2445 dimictere
1392 2390 1457 2444 et
1503 2379 1754 2444 soluere
1801 2379 2153 2443 camerario
2199 2379 2405 2464 ipsius
2452 2377 2703 2463 gabelle
2752 2378 3049 2442 denarios
3098 2379 3139 2443 6
3184 2376 3228 2442 f.
3276 2399 3339 2463 p.

463 2496 660 2560 totius
718 2496 1128 2582 quantitatis,
1202 2519 1394 2582 quam
1437 2517 1554 2581 pro
1601 2518 1756 2559 uera
1803 2505 1974 2560 sorte
2023 2495 2273 2560 soluere
2322 2495 2585 2561 deberet
2630 2495 2969 2560 occasione
3017 2493 3189 2560 dicte
3234 2518 3341 2580 ga·

461 2612 662 2694 belle3
723 2620 789 2676 et
841 2611 1016 2699 quod
1072 2612 1280 2677 dictus
1337 2611 1724 2676 camerarius
1771 2619 2067 2675 teneatur
2116 2611 2323 2675 dictos
2373 2611 2673 2676 denarios
2721 2613 2762 2677 6
2809 2633 2924 2696 pro
2971 2611 3141 2676 libra
3182 2612 3341 2676 reci-

462 2751 615 2813 pere
662 2763 745 2772 —
795 2739 860 2792 et
907 2728 1059 2792 dare
1107 2728 1457 2792 camerario
1506 2749 1698 2814 opere
1747 2735 1811 2792 et
1856 2726 2143 2790 hedificii
2190 2727 2565 2813 supradicti.

643 2843 811 2909 Item
869 2844 1044 2930 quod
1100 2866 1323 2909 omnes
1382 2853 1445 2909 et
1490 2843 1748 2929 singuli,
1806 2842 2121 2908 hactenus
2169 2843 2624 2929 condempnati
2672 2845 2737 2906 et
2783 2864 2897 2906 seu
2942 2841 3013 2906 in
3057 2841 3344 2907 futurum

465 2959 982 3045 condempnandi
1050 2983 1165 3046 per
1232 2960 1515 3045 aliquem
1580 2970 1898 3024 rectorem
1967 2981 2083 3023 seu
2138 2959 2471 3023 offitialem
2519 2958 2809 3023 comunis
2857 2957 3160 3044 predicti,
3233 2959 3344 3044 qui

465 3076 804 3141 occasione
851 3075 958 3140 uel
1003 3077 1224 3161 uigore
1270 3076 1572 3142 beneficii
1618 3076 1818 3161 pacis,
1869 3075 2167 3140 habende
2199 3074 2278 3139 de
2313 3074 2629 3140 contentis
2661 3075 2731 3137 in
2764 3072 3342 3159 condempnatione

467 3200 530 3256 et
589 3213 703 3256 seu
772 3191 902 3256 alia
971 3214 1166 3257 causa
1236 3200 1702 3277 consequenter
1755 3192 2144 3256 beneficium
2203 3190 2497 3256 soluendi
2544 3199 2675 3255 tres
2724 3190 2967 3254 solidos
3013 3211 3130 3275 pro
3174 3190 3345 3255 libra

467 3307 872 3393 quantitatis,
945 3308 1014 3372 in
1061 3308 1205 3395 ipsa
1251 3307 1830 3394 condempnatione
1879 3317 2203 3390 contente,
2276 3315 2614 3370 teneantur
2662 3315 2726 3370 et
2772 3305 3049 3370 debeant
3094 3305 3343 3370 soluere

469 3424 848 3506 camerario,
920 3423 1023 3488 cui
1094 3423 1258 3488 solui
1318 3423 1597 3489 debebat
1650 3423 1799 3488 talis
1859 3423 2382 3509 condempnatiO,
2457 3421 2754 3486 denarios
2802 3423 2843 3486 6
2890 3443 3007 3507 pro
3055 3421 3346 3506 qualibet

467 3539 636 3603 libra
679 3539 875 3604 totius
924 3540 1115 3606 sortis
1163 3551 1228 3604 et
1273 3540 1654 3627 quantitatis
1698 3539 1904 3625 ipsius
1938 3537 2561 3625 condempnationiS,
2613 3546 2678 3602 et
2710 3537 2919 3602 dictus
2954 3539 3342 3603 camerarius

469 3664 760 3719 teneatur
805 3655 1011 3720 dictos
1061 3657 1359 3722 denarios
1393 3658 1434 3722 6
1479 3678 1595 3742 pro
1642 3656 1812 3721 libra
1855 3656 2141 3741 recipere
2188 3663 2253 3718 et
2293 3655 2551 3718 demum
2583 3653 2733 3718 dare
2768 3655 3119 3719 camerario
3150 3677 3342 3740 opere

471 3783 534 3835 et
579 3771 862 3836 hedificii
911 3771 1263 3857 supradicti
1311 3783 1431 3837 cet.
1547 3783 1550 3788 '
2635 3766 2641 3773 ’

690 3888 855 3952 Item
928 3889 1100 3974 quod
1166 3911 1282 3974 pro
1343 3889 1641 3953 omnibus
1690 3897 1754 3952 et
1799 3887 2073 3972 singulis
2087 3937 2104 3970 ,
2176 3908 2291 3972 pro
2342 3886 2575 3971 quibus
2624 3884 2703 3948 de
2750 3893 2963 3948 cetero
3010 3885 3345 3949 sonabitur

470 4026 784 4090 campana
829 4001 1166 4068 clericatus
1214 4005 1496 4069 ciuitatis
1543 4004 1849 4090 predicte,
1901 4003 2067 4068 solui
2116 4001 2395 4066 debeant
2441 4024 2519 4065 ea
2549 4000 2671 4084 die,
2722 4023 2848 4084 qua
2878 4001 3231 4084 sonabitur,
3282 4010 3347 4064 et

467 4143 582 4206 pro
613 4120 904 4206 quolibet
933 4120 1158 4184 floreni
1193 4119 1317 4185 duo
1352 4115 1547 4202 auriss)
1579 4120 1928 4184 camerario
1963 4119 2131 4183 dicte
2163 4139 2373 4203 opere,
2409 4117 2530 4182 sub
2563 4139 2731 4203 pena
2761 4116 3073 4181 librarum
3096 4117 3181 4181 25
3205 4116 3249 4181 f.
3275 4139 3339 4202 p.

471 4238 738 4304 cuilibet
783 4237 973 4302 aliter
1017 4238 1275 4302 sonanti
1323 4259 1437 4301 seu
1485 4238 1702 4302 sonari
1745 4236 2013 4300 facienti
2061 4257 2137 4299 ac
2169 4234 2363 4298 etiam
2393 4232 2738 4298 heredibus
2771 4231 2975 4315 ipsius
3007 4230 3178 4313 talis,
3227 4252 3342 4316 pro

471 4355 648 4418 cuius
717 4353 942 4417 funere
1010 4363 1372 4436 sonaretur,
1447 4388 1530 4398 -
1600 4377 1717 4439 pro
1785 4353 2133 4417 medietate
2192 4351 2365 4415 dicto
2423 4349 2681 4414 comuni
2728 4358 2792 4413 et
2836 4371 2951 4434 pro
3000 4346 3129 4411 alia
3176 4345 3343 4411 dicte

471 4491 660 4554 opere
709 4467 1096 4555 applicanda
1141 4477 1260 4532 cet.

692 4584 858 4648 Item
904 4584 1076 4670 quod
1123 4607 1346 4648 omnes
1395 4594 1460 4648 et
1505 4584 1763 4668 singuli,
1815 4585 1924 4669 qui
1972 4606 2053 4646 ex
2100 4605 2318 4647 morsu
2365 4605 2585 4645 eorum
2620 4578 3011 4644 conscientie
3045 4601 3343 4664 urgeren-

473 4710 576 4766 tur
621 4724 704 4765 ex
751 4723 844 4783 e0,
895 4699 1067 4786 quod
1113 4700 1360 4785 aliquid
1405 4699 1720 4765 haberent
1767 4700 1845 4764 de
1894 4699 2103 4782 bonis,
2154 4699 2429 4785 pecunia
2475 4696 2577 4761 uel
2623 4697 2816 4760 rebus
2866 4695 3017 4759 dicti
3053 4694 3343 4760 comunis

473 4839 587 4881 seu
636 4815 803 4880 dicte
850 4839 1042 4903 opere
1091 4826 1155 4880 et
1199 4814 1486 4879 hedificii
1532 4825 1596 4879 et
1644 4815 1884 4879 uellent
1931 4838 2151 4879 eorum
2193 4813 2621 4878 conscientias
2662 4833 3043 4892 exonerare,
3092 4809 3347 4895 possint

476 4967 558 4976 -—-
613 4934 682 4996 in
742 4941 948 4996 totum
1005 4932 1109 4996 uel
1165 4933 1234 4996 in
1279 4941 1528 5018 partem
1572 4933 1838 4996 mictere
1895 4968 1960 4978 -
2018 4931 2088 4994 in
2136 4929 2414 5015 quadam
2462 4936 2752 5012 capsetta
2797 4927 2934 4991 siue
2982 4926 3200 5011 cippo,
3262 4925 3347 4990 ad

653 5115 694 5182 ¹)
735 5112 842 5169 Cfr.
881 5131 934 5184 p.
960 5115 1066 5168 258
1101 5115 1261 5168 Anm.
1288 5115 1339 5168 2.

651 5203 694 5271 ²)
736 5203 836 5266 sic;
876 5203 962 5256 ssu·
995 5203 1401 5256 remicterentur
1436 5201 1574 5255 wohl
1613 5201 2004 5255 verschrieben.

653 5292 697 5360 ³)
735 5291 872 5345 Eine
911 5291 1196 5362 ungemein
1233 5290 1370 5344 hohe
1411 5289 1600 5346 Steuer
1635 5291 1719 5344 ffir
1755 5289 1853 5343 das
1891 5289 2101 5342 Lautcn
2138 5288 2235 5342 der
2274 5286 2709 5358 Clerikerglocke
2748 5286 2833 5338 bei
2872 5283 3206 5339 Funeralien.

2817 5373 2921 5429 33*
