4009 5859
2053 453 2187 516 260

671 625 799 692 hoc
842 627 912 692 in
959 625 1133 692 dicta
1173 626 1447 692 ecclesia
1492 635 1713 692 sancte
1758 626 2083 714 Reparate
2131 625 2497 694 ordinanda
2542 629 2647 694 uel
2692 630 3078 715 ordinando,
3146 631 3241 715 id,
3300 631 3381 697 de
3428 655 3555 719 quo

674 765 758 807 ex
805 742 977 808 dicta
1025 765 1222 808 causa
1267 745 1540 829 quilibet
1585 743 2021 829 predictorum
2068 745 2345 810 senserit
2390 767 2459 810 se
2507 755 2877 830 grauatum3
2928 756 2991 812 et
3030 747 3206 834 quod
3234 771 3459 813 omnes
3492 758 3557 813 et

674 859 916 944 singuli
959 859 1122 925 tales
1173 894 1255 904 —
1303 860 1750 944 intelligantur
1795 883 1938 925 esse
1985 870 2051 925 et
2096 861 2229 926 sint
2276 895 2359 906 -
2406 861 2785 946 plenissime
2830 864 3091 930 liberati
3138 873 3257 929 cet.

901 1026 1004 1094 13.
1103 1029 1292 1096 Anno
1349 1037 1557 1113 1379,
1629 1032 1976 1096 indictione
2032 1038 2095 1112 2,
2172 1034 2276 1097 die
2322 1038 2405 1096 23
2453 1037 2683 1098 menois
2732 1034 2889 1121 May
2948 1031 3227 1118 (Provis.
3275 1036 3425 1102 filza
3468 1037 3555 1103 69

675 1166 738 1231 p.
789 1139 978 1228 36b).

904 1280 1160 1365 Petitio,
1213 1281 1393 1346 cuius
1441 1291 1625 1347 tenor
1670 1281 1820 1348 talis
1869 1293 1967 1348 est
1999 1282 2326 1348 uidelicet:
2376 1281 2603 1369 Vobis,
2656 1283 2935 1350 dominis
2967 1286 3289 1372 prioribus
3324 1288 3558 1353 artium

678 1404 743 1460 et
800 1396 1160 1462 uexillifero
1215 1398 1460 1464 iustitie
1517 1399 1735 1486 populi
1793 1409 1858 1464 et
1911 1399 2205 1464 comunis
2253 1399 2306 1462 F
2309 1398 2579 1466 lorentie
2635 1411 3005 1466 reuerenter
3052 1404 3396 1490 exponitur
3441 1426 3556 1491 pro

677 1523 858 1599 parte
927 1515 1365 1600 operariorum
1430 1514 1674 1580 fabrice
1745 1525 1810 1580 et
1863 1517 2076 1602 operis
2126 1516 2396 1582 ecclesie
2445 1527 2666 1582 sancte
2710 1517 3031 1604 Reparate
3078 1519 3157 1583 de
3205 1518 3554 1604 Florentia,

680 1627 1066 1694 cathedralis
1125 1631 1396 1696 ecclesie
1442 1631 1495 1695 F
1503 1631 1842 1715 lorentine,
1916 1641 1981 1696 et
2027 1631 2312 1696 hedificii
2358 1633 2571 1718 loggie
2619 1634 2911 1700 comunis
2958 1633 3012 1699 F
3018 1635 3315 1721 lorentie,
3386 1636 3561 1723 quod

679 1746 971 1830 pecunia,
1015 1747 1326 1812 hactenus
1375 1747 1682 1833 deputata
1728 1747 1896 1812 dicte
1945 1770 2136 1834 opere
2184 1759 2247 1812 et
2292 1747 2614 1833 hedificiO,
2664 1758 2729 1814 et
2762 1750 3100 1836 introytus,
3152 1750 3321 1817 dicte
3368 1775 3559 1840 opere

680 1869 745 1925 et
797 1861 1098 1927 hedificio
1147 1863 1491 1950 assignati,
1551 1873 1703 1928 sunt
1749 1862 1909 1927 adeo
1958 1863 2279 1928 diminuta
2324 1873 2388 1929 et
2434 1863 2762 1949 diminuti,
2836 1865 3033 1951 quod,
3106 1867 3235 1932 nisi
3281 1890 3396 1954 per
3442 1892 3559 1934 uos

679 1977 1092 2063 prouideatur
1162 1979 1240 2043 de
1298 1979 1514 2066 aliquo
1569 1979 1883 2063 remedio,
1957 1989 2255 2065 opportet
2310 1981 2549 2045 dictum
2598 1981 2988 2046 laborerium
3036 1983 3193 2048 dicti
3240 1984 3451 2069 operis
3499 1993 3563 2049 et

680 2092 964 2158 hedificii
1023 2095 1207 2179 quasi
1254 2096 1644 2181 relinquere3
1705 2105 1768 2159 et
1813 2095 1986 2181 quod
2037 2097 2373 2160 camerarii
2422 2119 2966 2183 quarumcumque
3014 2100 3413 2185 gabellarum
3460 2123 3561 2166 co-

681 2210 896 2275 munis
928 2208 982 2274 F
986 2211 1256 2276 lorentie
1304 2220 1604 2276 tenentur
1650 2211 1802 2276 dare
1850 2221 1914 2276 et
1961 2213 2211 2277 soluere
2262 2213 2432 2278 dicto
2482 2215 2661 2300 operi
2708 2226 2772 2279 et
2808 2215 3109 2280 hedificio
3144 2214 3223 2279 de
3257 2216 3559 2301 denariis,

683 2325 766 2389 ad
813 2347 1035 2392 eorum
1078 2350 1308 2392 manus
1355 2329 1683 2420 peruentis
1731 2339 1796 2393 et
1842 2351 1956 2393 seu
2001 2330 2408 2414 peruenturis
2458 2331 2797 2395 occasione
2846 2331 3002 2396 dicti
3051 2332 3151 2397 sui
3188 2332 3405 2417 officii,
3456 2332 3561 2397 de-

682 2441 900 2506 narios
948 2445 989 2508 6
1047 2466 1162 2529 pro
1233 2444 1523 2529 qualibet
1576 2444 1770 2528 libra3
1843 2455 1908 2509 et
1963 2445 2134 2530 quod
2188 2445 2465 2511 Alexius
2512 2446 2847 2512 Francisci
2896 2443 3395 2530 Baldouinetti¹)
3439 2447 3565 2512 fuit

685 2566 1009 2624 extractus
1080 2570 1143 2623 et
1209 2582 1324 2625 seu
1393 2558 1745 2645 deputatus
1803 2584 1918 2648 per
1985 2583 2255 2626 comune
2303 2561 2356 2624 F
2360 2562 2629 2626 lorentie
2688 2562 2769 2627 ad
2817 2562 3205 2648 exigendum
3250 2564 3562 2628 extimum

686 2673 1026 2739 comitatus
1074 2697 1190 2761 pro
1240 2675 1409 2739 dicto
1459 2676 1712 2740 comuni
1746 2675 1800 2741 F
1804 2676 2094 2760 lorentie,
2143 2677 2449 2742 uidelicet
2496 2677 2737 2743 solidos
2772 2680 2857 2745 26
2905 2689 2969 2744 et
3017 2679 3313 2744 denarios
3347 2681 3388 2744 8
3419 2679 3463 2743 f.
3498 2702 3559 2766 p.

685 2810 800 2874 pro
857 2786 1025 2852 libra
1080 2788 1158 2854 de
1213 2790 1535 2876 imposita,
1597 2793 1988 2857 comitatinis
2038 2802 2101 2858 et
2147 2793 2475 2859 nobilibus
2524 2795 2865 2860 comitatus
2923 2794 3168 2860 indicta
3215 2796 3294 2860 de
3340 2818 3563 2860 mense

683 2905 953 2991 Aprilis,
997 2905 1289 2992 proxime
1322 2909 1632 2994 preteriti,
1683 2907 1760 2973 de
1809 2931 1936 2994 qua
1982 2909 2360 2995 quantitate,
2410 2933 2525 2996 per
2565 2934 2710 2975 eum
2743 2921 2973 2975 exacta
3004 2921 3067 2976 et
3098 2934 3211 2977 seu
3244 2912 3565 2998 exigenda

683 3021 762 3085 de
796 3020 969 3086 dicta
998 3022 1319 3108 imposita,
1356 3023 1564 3089 dictus
1596 3025 1872 3090 Alexius
1905 3035 2162 3090 tenetur
2194 3025 2311 3109 (sc.
2341 3024 2637 3112 soluere),
2674 3036 2744 3092 ut
2776 3027 3027 3112 dicitur,
3064 3028 3253 3094 dictis
3288 3029 3465 3114 operi
3500 3039 3565 3093 et

681 3137 983 3203 hedificio
1026 3137 1324 3204 denarios
1357 3140 1399 3204 6
1433 3163 1549 3226 pro
1584 3139 1873 3225 qualibet
1903 3140 2073 3205 libra
2105 3139 2257 3206 dicti
2294 3143 2517 3206 extimi
2553 3144 2913 3228 comitatus,
2951 3145 3246 3230 quamuis
3280 3146 3560 3209 extimus

684 3263 748 3318 et
793 3255 1049 3340 gabella
1094 3254 1320 3338 extimi
1368 3256 1708 3323 comitatus
1756 3256 1930 3320 idem
1975 3258 2045 3321 in
2092 3257 2324 3321 effectu
2370 3257 2710 3323 uideantur
2754 3260 3119 3346 importare.
3216 3257 3433 3340 Quare
3480 3261 3565 3325 ad

682 3369 1041 3435 tollendum
1090 3370 1328 3435 dictum
1379 3371 1647 3437 dubium
1693 3395 1808 3458 pro
1856 3375 2138 3459 presenti
2187 3383 2474 3460 tempore
2515 3384 2577 3438 et
2608 3374 2821 3440 futuro
2852 3376 3105 3462 placeat
3138 3376 3559 3441 dominationi

683 3496 897 3550 uestre
957 3496 1314 3572 opportune
1361 3489 1724 3574 prouidere,
1787 3524 1870 3533 —
1925 3489 2099 3574 quod
2148 3490 2357 3554 dictus
2404 3491 2707 3576 AlexiuS,
2782 3493 3166 3558 camerarius
3214 3493 3559 3579 predictuS,

684 3612 750 3668 et
795 3603 1070 3689 quilibet
1116 3602 1280 3668 alius
1331 3605 1736 3688 camerarius,
1789 3605 1872 3670 ad
1919 3605 2211 3691 predicta
2258 3605 2662 3692 deputandus
2710 3608 2794 3672 ad
2827 3607 3219 3693 exigendum
3249 3608 3564 3673 extimum

685 3741 798 3783 seu
845 3741 1282 3804 quascumque
1328 3719 1662 3804 imposita-s
1710 3722 1935 3786 extimi
1985 3699 2326 3786 comitatus
2372 3722 2665 3808 predicti,
2716 3733 3009 3789 teneatur
3049 3733 3113 3789 et
3145 3723 3378 3789 debeat
3408 3723 3561 3788 dare

685 3843 750 3899 et
818 3835 1067 3900 soluere
1136 3836 1488 3900 camerario
1560 3837 1729 3901 dicte
1787 3860 1978 3924 opere
2036 3848 2099 3902 et
2156 3837 2440 3903 hedificii
2490 3839 2787 3904 denarios
2835 3841 2875 3905 6
2923 3840 2965 3904 f.
3000 3862 3061 3926 p.
3109 3862 3225 3928 pro
3274 3839 3563 3925 qualibet

686 3950 856 4015 libra
902 3950 1058 4015 dicti
1095 3951 1338 4016 extimi.
1377 3985 1458 3996 —-·
1491 3947 1699 4038 Super
1730 3976 1859 4037 qua
1890 3952 2151 4039 quidem
2181 3955 2490 4040 petitione
2527 3995 2609 4004 —-
2643 3954 3163 4020 deliberauerunt
3194 3955 3297 4018 die
3328 3953 3563 4019 XVIII

687 4067 928 4132 mensis
975 4065 1155 4152 Maii,
1209 4102 1292 4112 -
1341 4067 1515 4153 quod
1559 4068 1772 4133 ualeat
1819 4078 1938 4135 cet.

864 4294 906 4361 ¹)
944 4291 1048 4347 Die
1071 4290 1438 4347 Baldovinetti
1475 4293 1821 4350 bekleideten
1859 4297 1937 4349 oft
1972 4295 2058 4350 sfir
2094 4296 2182 4349 die
2208 4295 2447 4351 Comune
2484 4298 2646 4352 sowie
2682 4297 2769 4352 sur
2805 4297 3042 4352 einzelne
3065 4297 3357 4352 Verbaude
3387 4297 3563 4351 inner-

685 4379 812 4434 halb
851 4380 1136 4435 derselben
1175 4380 1262 4435 die
1299 4381 1634 4437 finanziellen
1671 4383 1888 4440 Posten.
1969 4383 2085 4438 Der
2127 4384 2243 4439 hier
2279 4393 2544 4456 genannte
2580 4385 2951 4441 Baldovinetti
2988 4386 3197 4441 scheint
3236 4385 3333 4441 der
3368 4385 3563 4440 Gross-

685 4476 835 4524 vater
879 4469 976 4525 des
1013 4469 1213 4524 Malers
1260 4487 1508 4542 gewesen
1554 4491 1620 4527 zu
1666 4473 1796 4544 sein,
1843 4492 1996 4528 wenn
2045 4473 2143 4528 der
2180 4473 2547 4530 Stammbaum
2584 4477 2673 4530 bei
2710 4475 2960 4530 Milanesi
3007 4475 3218 4545 (Vasari
3252 4475 3306 4529 ΙΙ
3341 4494 3395 4547 p.
3432 4476 3559 4544 601)

683 4558 880 4632 richtig
913 4561 1001 4616 ist.
