4009 5859
1852 422 1976 485 147

478 597 686 680 fuerit,
737 596 1033 662 denarios
1082 599 1123 661 6
1154 597 1198 661 f.
1232 619 1315 682 p.‚
1375 597 1489 661 sed
1537 597 1592 661 si
1638 596 1879 661 femina
1921 596 2131 680 fuerit,
2184 595 2482 661 denarios
2532 598 2571 664 3
2601 597 2645 661 f.
2680 619 2762 683 p.‚
2813 606 2878 662 et
2921 597 3191 662 totidem
3236 620 3353 683 pro

476 711 745 798 reliquis
792 711 871 776 de
916 734 1036 776 sua
1078 711 1344 795 familia,
1396 712 1451 777 si
1489 735 1689 777 unum
1720 712 1858 777 siue
1890 712 2106 798 plures
2139 711 2460 776 masculos
2492 713 2597 776 uel
2625 711 2918 795 feminaS,
2969 712 3352 777 excedentes

478 837 712 892 etatem
758 826 1133 913 predictam,
1205 828 1273 891 in
1336 850 1453 892 sua
1496 827 1745 891 familia
1787 827 2105 892 habuerit.
2199 827 2288 891 Et
2343 827 2628 913 predicte
2675 849 2947 914 persone
2993 849 3108 914 per
3153 827 3352 912 quod-

475 941 635 1008 libet
679 943 969 1028 regimen
1028 952 1093 1007 et
1148 943 1490 1007 officialem
1535 942 1703 1006 'dicti
1763 943 2054 1007 comunis
2111 943 2194 1006 ad
2251 942 2573 1029 predictas
2619 942 2889 1028 pecunie
2937 943 3348 1026 quantitateS,

477 1058 571 1123 sic
618 1057 981 1142 soluendaS,
1054 1058 1474 1122 effectualiter
1520 1057 2004 1144 compellantur.
2098 1056 2266 1122 Item
2321 1058 2494 1144 quod
2541 1058 2828 1143 quelibet
2873 1081 3150 1144 persona
3195 1058 3350 1123 ciui-

476 1174 648 1256 tatis,
700 1174 1049 1258 burgorum
1095 1183 1159 1238 et
1206 1175 1633 1259 suburgorum
1680 1182 1744 1237 et
1784 1173 1978 1238 etiam
2012 1174 2352 1239 comitatus
2386 1173 2730 1258 Florentie,
2783 1195 2907 1259 que
2941 1195 3128 1238 suum
3159 1181 3350 1237 testa-

476 1296 762 1353 mentum
818 1288 922 1352 uel
974 1288 1265 1352 ultimam
1322 1289 1718 1353 uoluntatem
1764 1311 1908 1352 cum
1958 1289 2279 1374 scriptura
2324 1288 2738 1375 disposuerit,
2796 1297 3092 1352 teneatur
3137 1297 3202 1353 et
3249 1288 3352 1353 de-

474 1404 627 1468 beat
669 1403 739 1467 in
785 1402 898 1467 tali
945 1411 1331 1468 testamento
1380 1426 1494 1468 seu
1539 1403 1767 1468 ultima
1815 1402 2142 1468 uoluntate
2191 1404 2404 1489 legare
2451 1404 2522 1468 in
2562 1402 2926 1468 subsidium
2960 1411 3025 1466 et
3055 1424 3170 1489 pro
3204 1403 3352 1466 sub-

476 1519 641 1584 sidio
701 1520 913 1604 operis
971 1519 1141 1583 dicte
1197 1520 1468 1584 ecclesie
1517 1520 1800 1606 aliquam
1845 1521 2116 1606 pecunie
2163 1521 2607 1606 quantitatem,
2659 1528 2722 1582 et
2767 1517 3084 1603 presbiter
3131 1526 3196 1580 et
3239 1540 3351 1581 no-

475 1633 673 1698 tarius
720 1642 785 1698 et
830 1633 941 1697 alii
988 1634 1112 1698 sibi
1149 1635 1492 1718 coniuncti,
1543 1636 1789 1701 ibidem
1819 1645 2172 1722 presenteS,
2206 1634 2575 1700 huiusmodi
2607 1643 2982 1699 testatorem
3013 1655 3127 1697 seu
3159 1641 3352 1697 testa-

475 1749 699 1813 tricem
744 1771 1004 1813 monere
1072 1749 1351 1814 debeant
1406 1749 1483 1814 de
1544 1751 1659 1815 tali
1712 1751 1944 1836 legat0,
1992 1751 2284 1837 predicta
2331 1751 2409 1814 de
2457 1772 2654 1814 causa
2695 1748 3012 1813 faciendo,
3104 1744 3178 1811 Si
3223 1770 3354 1833 qua

474 1864 669 1948 igitur
721 1879 1027 1948 persona,
1096 1887 1217 1950 que
1274 1873 1729 1931 testamentum
1777 1867 1880 1930 uel
1928 1889 2112 1932 suam
2155 1867 2450 1930 ultimam
2495 1866 2896 1930 uoluntatem
2943 1863 3348 1950 disposuerit,

475 1987 546 2043 ut
613 1980 853 2045 dictum
924 1990 1047 2064 est,
1120 1981 1569 2046 contrafecerit
1620 1983 1726 2046 uel
1773 1982 2064 2069 predicta
2105 1981 2317 2046 facere
2365 1981 2718 2064 obmiserit,
2767 1977 3035 2043 heredes
3083 1979 3220 2042 eius
3269 1977 3352 2042 ad

474 2096 863 2161 exibendum
911 2105 974 2161 et
1020 2098 1403 2162 soluendum
1448 2099 1519 2162 in
1564 2098 1927 2162 subsidium
1972 2097 2262 2162 eiusdem
2307 2097 2539 2183 operis,
2590 2117 2791 2180 usque
2824 2095 2894 2158 in
2925 2094 3352 2178 quantitatem

474 2212 827 2279 solidorum
883 2213 1115 2299 uiginti
1167 2212 1210 2277 f.
1245 2237 1306 2298 p.
1358 2213 1439 2277 ad
1491 2212 1893 2277 uoluntatem
1946 2221 2012 2277 et
2057 2213 2393 2277 arbitrium
2451 2211 2692 2277 domini
2742 2211 3029 2295 episcopi
3087 2207 3141 2272 F
3144 2209 3350 2274 loren-

474 2330 593 2393 tini
662 2328 1082 2394 effectualiter
1150 2328 1634 2414 compellantur.
1730 2325 1875 2406 Que
1945 2329 2206 2414 quidem
2251 2329 2521 2414 pecunie
2579 2326 2992 2411 quantitates,
3043 2323 3350 2410 predictis

473 2444 663 2508 modo
712 2452 776 2508 et
822 2445 1034 2508 causis
1082 2443 1397 2529 exigende
1445 2453 1509 2508 et
1554 2443 1983 2530 percipiende,
2035 2446 2418 2529 perueniant
2463 2453 2526 2508 et
2571 2443 2909 2528 peruenire
2957 2441 3237 2505 debeant
3267 2440 3351 2505 ad

474 2559 790 2642 offitialeS‚
842 2561 1169 2645 operarios
1226 2569 1291 2623 et
1346 2560 1724 2645 superstites
1773 2559 1929 2624 dicti
1976 2561 2207 2646 operis,
2265 2569 2399 2624 tam
2457 2568 2788 2644 presentes
2839 2579 3032 2642 quam
3079 2555 3344 2638 futuros,

474 2697 587 2760 per
655 2697 765 2738 eos
832 2674 1009 2738 licite
1079 2685 1143 2738 et
1210 2675 1455 2760 absque
1525 2697 1747 2739 eorum
1800 2675 2154 2761 preiudicio
2202 2673 2652 2761 expendende,
2723 2672 3030 2738 soluende
3087 2681 3152 2736 et
3200 2693 3347 2736 con-

475 2789 778 2854 uertende
834 2790 905 2856 in
962 2811 1152 2875 opere
1208 2799 1272 2853 et
1327 2813 1441 2875 pro
1489 2813 1681 2876 opere
1728 2789 2078 2872 antedictO,
2138 2812 2213 2854 ac
2259 2791 2456 2854 etiam
2500 2791 2570 2853 in
2616 2788 2820 2874 pretio
2869 2799 2932 2853 et
2977 2810 3093 2873 pro
3140 2786 3346 2872 pretio

473 2903 807 2969 domorum
860 2915 925 2968 et
978 2913 1395 2988 terrenorum,
1466 2915 1538 2969 ut
1591 2904 1959 2991 predicitur,
2020 2904 2450 2969 'emendorum
2504 2904 2842 2968 occasione
2895 2902 3211 2988 predicta3
3284 2911 3350 2965 et

473 3020 643 3104 quod
710 3020 975 3106 insuper
1044 3020 1341 3084 dominus
1390 3021 1729 3106 episcopus
1776 3018 2190 3084 Florentinus
2237 3019 2420 3102 uelit,
2477 3019 2684 3104 possit
2729 3018 2981 3102 sibique
3027 3017 3221 3080 liceat
3264 3015 3348 3080 ad

470 3136 989 3201 recollectionem
1018 3145 1083 3199 et
1112 3158 1225 3222 pro
1258 3135 1707 3199 recollectione
1738 3134 2106 3199 huiusmodi
2141 3135 2570 3220 quantitatum
2602 3133 2890 3219 pecunie,
2927 3130 3347 3196 effectualiter

468 3249 789 3332 faciende,
849 3251 1166 3336 deponere
1224 3260 1287 3314 et
1342 3251 1645 3337 deputare
1704 3260 1983 3315 rectores
2033 3251 2452 3315 ecclesiarum
2497 3259 2562 3313 et
2607 3249 2766 3314 duos
2813 3249 2920 3312 uel
2965 3249 3180 3334 plures
3226 3269 3343 3333 pro

470 3367 760 3452 quolibet
804 3367 1059 3452 popul0,
1106 3366 1236 3431 fide
1283 3366 1534 3451 dignos,
1608 3366 1851 3450 absque
1900 3366 2116 3451 aliquo
2165 3365 2418 3447 salario,
2470 3363 2704 3429 exinde
2749 3363 3188 3450 percipiendo,
3258 3362 3347 3427 Et

472 3481 644 3566 quod
710 3482 870 3545 uelit
936 3482 1129 3546 etiam
1176 3491 1241 3545 et
1295 3481 1592 3566 dignetur
1644 3481 2040 3545 reuerendus
2088 3480 2499 3546 Florentinus
2555 3481 2824 3544 antistes
2873 3480 3154 3562 cuilibet,
3204 3501 3342 3568 pre-

471 3596 677 3661 dictas
734 3597 1005 3683 pecunie
1062 3597 1452 3682 quantitates
1513 3597 1791 3662 soluenti
1838 3597 1941 3661 uel
1988 3597 2250 3681 leganti,
2300 3596 2469 3660 ultra
2516 3597 2773 3681 gratias,
2824 3594 3342 3660 benefactoribus

471 3711 627 3776 dicti
674 3713 885 3798 operis
932 3711 1243 3776 hactenus
1284 3734 1643 3794 concessaS,
1692 3711 2129 3798 indulgentias
2163 3712 2451 3797 elargiri3
2502 3720 2566 3775 et
2594 3712 2862 3797 insuper
2891 3710 3083 3796 quod,
3129 3719 3342 3775 utrum

469 3827 759 3914 predicta
813 3826 1041 3891 durare
1100 3827 1396 3910 debeant,
1446 3838 1511 3891 et
1568 3828 1663 3892 sic
1708 3829 1849 3892 fieri
1896 3838 1959 3892 et
2005 3827 2337 3893 obseruari
2387 3826 2786 3892 solummodo
2833 3850 2949 3913 per
2992 3851 3191 3891 unum
3236 3829 3343 3892 uel

468 3943 683 4028 plures
732 3965 935 4007 annos
984 3965 1100 4028 per
1149 3943 1437 4024 consilia,
1488 3944 1558 4007 in
1604 3945 1838 4029 quibus
1878 3943 2170 4030 predicta
2198 3943 2439 4007 firmari
2472 3943 2829 4027 contigerit,
2879 3941 3203 4027 prouideri
3236 3941 3340 4006 de-

466 4057 618 4120 beat
664 4066 728 4120 et
770 4058 1033 4122 firmari.
1126 4057 1291 4121 Item
1337 4058 1509 4143 quod
1555 4059 1845 4144 predicta
1890 4059 2110 4122 omnia
2155 4067 2220 4122 et
2251 4058 2506 4143 singula
2537 4067 2687 4122 sunt
2717 4057 2905 4121 utilia
2934 4078 3049 4142 pro
3083 4059 3339 4122 comuni

467 4169 793 4236 Florentie
864 4182 929 4236 et
997 4173 1151 4237 utile
1222 4185 1325 4238 est
1388 4197 1503 4259 pro
1550 4176 1691 4260 ipso
1753 4175 2027 4257 comuni,
2087 4173 2166 4237 de
2220 4172 2346 4238 hiis
2407 4181 2472 4237 et
2517 4195 2710 4258 super
2755 4171 2882 4236 hiis
2931 4172 3228 4236 omnibus
3277 4181 3341 4235 et

469 4285 742 4372 singulis
806 4286 1223 4372 prouidendis
1294 4298 1359 4352 et
1426 4290 1842 4374 solempniter
1909 4289 2286 4354 ordinandis
2353 4298 2417 4352 et
2459 4286 2796 4352 firmandis
2841 4286 3046 4351 teneri
3091 4295 3156 4351 et
3198 4288 3341 4353 fieri

469 4403 684 4466 omnia
729 4402 1003 4467 consilia
1051 4412 1412 4490 opportuna
1457 4415 1576 4470 cet.

686 4516 934 4603 Folgen
980 4517 1085 4582 die
1130 4516 1372 4585 Voten:
1423 4519 1677 4585 Placuit
1720 4521 1807 4584 43
1854 4541 1935 4582 ex
1981 4519 2368 4584 consiliariis
2419 4557 2502 4568 --
2553 4518 2666 4584 sic.
2717 4555 2801 4568 —-
2849 4517 3160 4582 Nolentes
3205 4515 3338 4581 fue-

466 4641 617 4696 runt
662 4633 767 4698 28.

686 4746 855 4813 Item
901 4750 1145 4835 placuit
1202 4789 1284 4798 -
1334 4751 1419 4815 49
1468 4773 1547 4814 ex
1594 4751 2008 4834 consiliariis,
2066 4750 2455 4836 ponentibus
2502 4749 2816 4813 balloctas
2863 4748 2934 4812 in
2979 4746 3336 4834 pissidibus

468 4862 652 4946 albis,
700 4864 769 4927 in
809 4864 1043 4949 quibus
1076 4865 1387 4952 scriptum
1433 4873 1533 4930 est
1578 4867 1690 4950 sic,
1742 4906 1826 4916 —
1874 4865 2045 4952 quod
2094 4865 2311 4930 omnia
2357 4873 2422 4929 et
2467 4865 2722 4950 singula
2768 4864 3206 4950 suprascripta
3253 4903 3337 4914 -—

468 4975 699 5041 durent
752 4988 817 5043 et
868 4980 1130 5044 ualeant
1186 5018 1269 5029 --
1322 5003 1439 5066 per
1482 4983 1828 5046 terminum
1874 4991 1939 5045 et
1982 4991 2232 5066 tempus
2282 4979 2552 5045 duorum
2593 4979 2954 5044 futurorum
2999 5002 3334 5065 annorum,

466 5090 927 5158 initiandorum
973 5094 1043 5158 in
1088 5093 1411 5160 kallendis
1439 5095 1484 5160 J
1485 5098 1734 5160 anuarii
1780 5097 2072 5182 proxime
2103 5096 2372 5179 uenturi,
2420 5103 2484 5160 et
2514 5096 2686 5180 quod
2718 5094 2918 5160 semel
2948 5096 3018 5159 in
3048 5095 3340 5181 quolibet

468 5221 532 5272 et
586 5233 701 5298 pro
758 5211 1049 5295 quolibet
1099 5212 1387 5296 ipsorum
1435 5211 1704 5276 duorum
1750 5234 2066 5277 annorum
2107 5213 2222 5276 fiat
2266 5222 2332 5277 et
2372 5213 2516 5277 fieri
2561 5210 2768 5298 possit
2811 5219 2875 5274 et
2922 5209 3154 5276 debeat
3195 5230 3336 5295 pre-

2807 5314 2910 5370 19*
