4009 5859
1640 427 1922 521 *12³5

418 601 705 666 comunis
752 599 1108 684 Florentie,
1168 601 1507 688 recipienti
1556 643 1638 650 —
1698 625 1813 688 pro
1872 604 2132 667 comuni
2185 603 2239 666 F
2242 603 2532 689 lorentie,
2584 633 2672 654 -ι
2717 607 3040 692 quoddam
3095 620 3289 674 terre-

416 741 595 800 num,
656 717 723 780 in
783 740 907 802 quo
964 717 1279 803 reperitur
1336 717 1663 800 balneum,
1726 719 1899 804 quod
1954 719 2128 784 idem
2173 719 2490 784 Nicchola
2546 722 2702 786 olim
2750 723 2906 787 emit
2951 747 2990 788 a
3035 725 3286 789 sindico

416 833 701 897 comunis
751 832 1097 917 Florentie,
1146 835 1427 920 positum
1475 835 1544 898 in
1589 834 1793 899 foueis
1844 835 2136 899 comunis
2184 835 2354 899 inter
2397 849 2648 922 portam
2695 837 2879 903 Balle
2928 851 2992 904 et
3037 851 3288 926 portam

414 949 515 1012 uie
570 973 762 1032 noue,
825 950 998 1035 quod
1053 960 1151 1014 est
1198 973 1313 1036 per
1366 973 1736 1016 mensuram
1786 991 1868 1000 —-
1926 951 2123 1037 pedes
2181 951 2408 1036 quadri
2458 953 2590 1017 254
2636 953 2718 1018 ad
2763 951 3090 1020 racionem
3139 957 3286 1020 soli-

414 1063 637 1128 dorum
708 1067 903 1129 trium
960 1077 1024 1130 et
1092 1067 1501 1130 denariorum
1572 1077 1817 1152 septem
1887 1091 2001 1152 pro
2074 1067 2363 1152 quolibet
2426 1069 2587 1153 pede
2643 1071 2914 1156 quadr03
2975 1112 3056 1120 -
3116 1073 3287 1159 quod

413 1191 735 1245 terrenum
802 1184 897 1246 sic
954 1171 1133 1246 'dixit
1202 1184 1545 1247 confinari:
1626 1207 1666 1246 a
1733 1184 1940 1269 primo
2011 1183 2260 1264 Michez,
2343 1207 2381 1248 a
2451 1186 2734 1249 secundo
2795 1189 2928 1268 uia3
3002 1211 3042 1251 a
3095 1190 3286 1252 tertio

412 1293 859 1380 Uguiccionis3
909 1321 949 1361 a
995 1309 1222 1384 quarto
1270 1300 1677 1386 episcopatus
1725 1299 2052 1364 Florentie
2103 1313 2221 1364 cet.

630 1458 691 1522 7.
768 1462 957 1523 Anno
1006 1467 1212 1548 1285,
1284 1463 1627 1525 indictione
1676 1467 1791 1542 13,
1866 1463 1967 1524 die
2017 1470 2092 1525 11
2147 1467 2376 1526 mensis
2421 1463 2594 1526 Julii
2645 1459 2956 1548 (Capitoli
3005 1464 3153 1534 filza
3201 1467 3288 1530 30

413 1595 470 1658 p.
510 1575 717 1656 196b3
764 1574 925 1638 fehlt
970 1575 1076 1639 bei
1124 1573 1356 1661 Gaye).

628 1717 1047 1804 Uguiccione,
1098 1721 1269 1784 filius
1303 1719 1741 1804 Giambellini,
1794 1723 1873 1786 de
1922 1731 2058 1786 arte
2088 1721 2532 1805 frenariorum,
2568 1723 2786 1809 populi
2821 1735 3043 1787 sancte
3076 1723 3286 1788 Marie
3315 1793 3320 1796 ,

409 1835 725 1921 Alberigi,
784 1877 863 1884 —
941 1836 1233 1901 uendidit
1290 1878 1371 1886 --
1429 1835 1669 1922 (eidem
1715 1835 2098 1920 camerario)
2147 1879 2229 1886 -—
2280 1839 2600 1924 quoddam
2651 1849 2990 1922 terrenum,
3043 1840 3112 1902 in
3159 1862 3284 1924 quo

408 1954 723 2038 reperitur
768 1951 1091 2035 balneum,
1142 1954 1313 2039 quod
1365 1965 1629 2018 actenus
1678 1955 1832 2018 emit
1878 1977 1917 2018 a
1964 1954 2216 2019 sindico
2265 1955 2556 2020 comunis
2605 1953 2950 2037 Florentie,
3003 1955 3285 2040 positum

409 2068 473 2131 in·
536 2067 742 2133 foueis
813 2070 1103 2134 comunis
1175 2070 1345 2132 inter
1409 2081 1659 2157 portam
1732 2069 1916 2134 Balle
1988 2081 2052 2134 et-
2121 2080 2372 2156 portam
2421 2072 2522 2134 uie
2571 2095 2757 2154 noue,
2807 2071 2980 2157 quod
3027 2081 3126 2135 est
3169 2093 3286 2157 per

408 2207 775 2248 mensuram
821 2186 1017 2271 pedes
1066 2187 1197 2251 200
1254 2186 1508 2272 quadri3
1572 2223 1653 2234 ——
1718 2187 1887 2272 quod
1936 2198 2263 2251 terrenum
2309 2188 2402 2251 sic
2461 2187 2765 2252 dixerunt
2830 2187 3171 2251 confinari:
3247 2211 3285 2250 a

408 2301 611 2386 primo
660 2301 794 2385 uia3
846 2325 884 2366 a
930 2303 1213 2367 secundo
1256 2304 1546 2367 comunis
1588 2302 1641 2366 F
1644 2303 1947 2386 lorentie3
2029 2327 2068 2368 a
2121 2305 2311 2368 tertio
2368 2304 2776 2390 episcopatus
2824 2303 3187 2386 Florentie3
3245 2326 3284 2366 a

409 2426 633 2501 quarto
681 2416 837 2481 Feci
880 2417 1211 2483 Manentis
1262 2431 1379 2483 cet.

626 2577 693 2641 8.
768 2581 958 2644 Anno
992 2587 1165 2644 1288
1200 2579 1376 2660 (89),
1426 2583 1769 2646 indictione
1800 2587 1861 2664 2,
1912 2583 2014 2644 die
2061 2587 2144 2643 23
2191 2584 2468 2646 intrante
2498 2603 2705 2645 mense
2734 2581 3046 2644 Januarii
3097 2578 3280 2662 (Pro-

418 2694 533 2758 viS.
584 2694 735 2759 filza
778 2695 813 2758 Ι
860 2719 920 2782 p.
962 2697 1156 2780 109a‚
1208 2694 1391 2782 Gaye
1438 2695 1471 2758 I
1503 2691 1683 2780 418).
3279 2723 3282 2726 ’

622 2837 703 2902 In
751 2839 1022 2904 consilio
1072 2838 1352 2905 Centum
1400 2851 1520 2905 cet.
1573 2873 1654 2884 --
1712 2839 1881 2904 Item
1928 2863 2118 2926 super
2165 2863 2260 2922 e0,
2315 2839 2486 2924 quod
2535 2839 2612 2902 de
2661 2838 2935 2924 pecunia
2982 2847 3044 2901 et
3093 2861 3281 2902 auere

408 2955 694 3018 comunis
727 2953 780 3017 F
784 2954 1054 3020 lorentie
1096 2956 1570 3042 presentialiter
1618 2957 1869 3041 possint
1916 2956 2198 3041 expendi
2245 2955 2411 3020 libre
2464 2957 2592 3020 100
2635 2955 3020 3018 florenorum
3055 2977 3280 3038 paruo-

404 3093 545 3133 rum
606 3070 673 3134 in
743 3094 933 3156 opere
1004 3082 1069 3135 et
1137 3073 1476 3136 occasione
1546 3073 1777 3159 operis,
1852 3072 2022 3158 quod
2078 3094 2250 3136 nunc
2296 3073 2371 3135 fit
2418 3081 2481 3134 et
2537 3072 2668 3134 iam
2714 3094 2828 3156 pro
2877 3080 3055 3134 certa
3100 3079 3280 3156 parte

403 3185 643 3250 factum
713 3197 829 3270 est,
901 3211 1017 3273 pro
1065 3189 1423 3273 reparando
1438 3240 1454 3272 ,
1528 3189 1900 3272 inalzando,
1976 3187 2356 3273 adequando
2405 3196 2469 3250 et
2515 3185 2944 3251 mactonando
3001 3185 3281 3270 plateam

406 3301 577 3365 beati
631 3301 953 3367 Johannis
1023 3303 1344 3390 Baptis'te,
1430 3283 1621 3390 quam
1694 3305 1961 3390 pecunie
2034 3305 2458 3390 quantitatem
2529 3303 2917 3368 camerarius
2988 3302 3278 3366 comunis

402 3417 455 3480 F
458 3418 731 3483 lorentie
788 3420 961 3483 licite
1019 3430 1083 3484 et
1137 3421 1379 3507 inpune
1427 3421 1659 3506 possit,
1723 3430 2018 3485 teneatur
2065 3431 2129 3484 et
2177 3420 2409 3484 debeat
2457 3419 2534 3482 de
2582 3419 2786 3504 ipsius
2836 3418 3127 3481 comunis
3175 3441 3279 3504 pe-

404 3535 595 3598 cunia
642 3535 820 3619 dare,
874 3536 1123 3600 soluere
1172 3547 1235 3600 et
1281 3538 1533 3602 tradere.
1581 3537 1862 3621 officiali,
1912 3561 2030 3623 pro
2079 3537 2337 3600 comuni
2384 3535 2712 3599 Florentie
2759 3536 2970 3620 posito
3018 3533 3122 3598 uel
3168 3557 3278 3619 po-

401 3651 613 3715 nendo
664 3651 747 3715 ad
792 3652 1005 3737 ipsum
1052 3677 1212 3740 opus
1245 3654 1633 3740 procurandi
1682 3664 1747 3718 et
1790 3654 1930 3718 fieri
1974 3653 2277 3736 faciendi,
2327 3675 2443 3738 pro
2475 3653 2621 3737 ipsa
2651 3651 3008 3736 quantitate
3041 3672 3277 3735 expen-

404 3767 615 3832 denda
662 3779 725 3832 et
772 3770 1205 3834 conuertenda
1258 3771 1327 3834 in
1373 3771 1516 3856 ipso
1564 3793 1755 3856 opere
1803 3781 1866 3834 et
1897 3771 1964 3833 in
1998 3769 2145 3854 hiis,
2196 3792 2318 3855 que
2353 3768 2704 3854 expediunt
2749 3791 2864 3854 pro
2911 3769 3053 3854 ipso
3085 3789 3276 3852 opere

399 3883 696 3948 faciendo
746 3893 865 3950 cet.

624 4029 693 4094 9.
766 4031 953 4094 Anno
988 4037 1159 4094 1288
1195 4030 1366 4114 (89),
1401 4033 1742 4095 indictione
1772 4036 1837 4112 2,
1872 4032 1972 4094 die
2005 4036 2044 4092 5
2084 4031 2314 4094 Martii
2357 4024 2667 4113 (Capitoli
2701 4026 2850 4089 filza
2871 4027 2960 4088 44
2989 4048 3050 4112 p.
3081 4020 3273 4108 79b);

403 4143 585 4232 Gaye
632 4145 665 4208 I
712 4147 862 4231 418,
912 4146 1031 4211 mit
1074 4146 1386 4211 falschem
1430 4142 1638 4231 Jahr).
1806 4147 1816 4156 “

620 4309 937 4394 Magister
982 4307 1257 4372 Puccius
1307 4308 1659 4390 abbacista,
1731 4307 1903 4371 filius
1961 4306 2116 4370 olim
2161 4303 2497 4387 Dietaiuti,
2569 4305 2858 4368 notarius
2931 4302 3007 4366 de
3057 4301 3271 4384 Prat0,

399 4423 665 4489 Buonus
714 4424 868 4488 olim
914 4423 1173 4488 Albizzi
1220 4425 1299 4488 de
1347 4421 1651 4507 Castell0,
1702 4423 2092 4488 camerarius
2163 4421 2406 4485 domini
2463 4420 2749 4505 episcopi
2782 4419 3159 4501 Florentini,
3212 4427 3276 4482 et

399 4539 763 4606 Benuccius
809 4525 1233 4623 mensurator,
1312 4539 1484 4604 filius
1533 4539 1728 4621 Petri,
1801 4540 2047 4620 arbitri,
2122 4578 2204 4585 —
2276 4536 2496 4600 electi.
2535 4576 2617 4583 —
2677 4557 2793 4620 per
2839 4533 3274 4597 uenerabilem

400 4667 645 4742 patrem
690 4667 754 4720 et
800 4680 839 4720 a
884 4656 1239 4721 uenerabili
1285 4666 1485 4742 patre,
1537 4655 1796 4719 domino
1843 4655 2126 4718 Andrea-
2162 4694 2244 4701 —
2293 4653 2594 4738 episcopo
2633 4649 3008 4714 Florentino
3058 4689 3140 4697 —
3190 4672 3272 4720 ex

398 4787 579 4858 parte
626 4797 756 4838 una
802 4813 885 4822 -—-
935 4782 999 4836 et
1044 4797 1084 4837 a
1128 4771 1182 4834 F
1185 4772 1479 4836 rancisco
1512 4771 1815 4854 Ysacchi,
1868 4769 2118 4835 sindico
2168 4767 2459 4833 comunis
2492 4765 2840 4847 Florentie,
2890 4805 2972 4812 —
3023 4787 3104 4828 ex
3145 4764 3274 4828 alia

400 4901 577 4975 parte
628 4930 711 4938 —
760 4899 824 4953 et
870 4913 909 4953 a
954 4888 1341 4976 quibusdam
1384 4887 1756 4952 hominibus
1826 4885 2126 4950 frenai-iis
2187 4895 2250 4950 et
2306 4881 2702 4948 cassettariis
2751 4889 2814 4944 et
2861 4879 3006 4944 aliis
3056 4880 3272 4966 singu-

397 5004 639 5070 laribus
687 5005 999 5091 personis,
1050 5004 1459 5086 habentibus,
1511 5015 1581 5068 ut
1628 5004 1880 5086 dicitur,
1932 5003 2156 5066 domos
2199 5013 2262 5066 et
2293 4999 2609 5064 casolaria
2639 5020 2831 5082 super
2861 4996 3269 5082 infrascripto

399 5129 673 5204 terreno,
725 5160 807 5169 —
857 5143 1049 5206 super
1094 5120 1207 5184 lite
1255 5131 1318 5184 et
1365 5119 1747 5202 differentia,
1809 5141 1929 5202 que
1986 5127 2124 5180 erat
2181 5126 2244 5180 et
2302 5115 2671 5178 uertebatur
2717 5153 2799 5160 —
2847 5113 3019 5176 inter
3066 5112 3270 5177 dictas

399 5247 611 5322 partes
661 5236 739 5300 de
786 5244 1039 5301 terreno
1088 5245 1152 5301 et
1198 5259 1389 5322 super
1435 5245 1709 5318 terrene,
1783 5274 1866 5282 —
1915 5233 2088 5316 quod
2143 5242 2239 5296 est
2285 5253 2482 5317 prope
2528 5251 2746 5293 muros
2795 5229 3076 5293 ciuitatis
3125 5227 3270 5292 Flo-
