4009 5859
1774 397 1894 493 291

398 573 576 640 muni
634 586 696 641 et
751 573 830 642 de
889 575 1164 664 pecunia
1221 578 1514 643 comunis
1571 579 1898 644 Florentie
1956 579 2245 645 soluatur
2300 589 2365 643 et
2410 578 2685 646 satisfiat
2732 614 2819 624 —
2868 577 3037 646 dicto
3084 577 3282 646 Diedi

399 693 726 778 quondam
774 691 1031 759 Cambii
1083 695 1160 759 de
1206 694 1520 760 Maneriis
1593 696 1670 760 de
1742 697 2051 784 pensione
2125 733 2205 740 —
2278 697 2643 762 medietatis
2713 697 2938 783 palatii
2986 697 3278 784 predicti,

399 810 592 874 turris
663 819 727 874 et
797 809 1104 876 casolaris
1165 833 1278 898 pro
1339 811 1510 876 (licto
1559 823 1847 899 tempore
1900 815 1978 879 17
2030 814 2351 878 mensium
2400 815 2467 878 in
2514 814 2873 900 quantitate
2923 824 2985 877 et
3032 836 3284 878 summa

399 927 484 988 35
531 926 919 991 florenorum
967 927 1106 992 auri
1155 937 1218 991 et
1266 927 1350 992 25
1399 928 1752 993 solidorum
1799 929 1842 994 f.
1892 953 1953 1016 p.

621 1112 760 1180 83.“
806 1116 998 1180 Anno
1047 1121 1252 1196 1319,
1323 1117 1668 1180 indictione
1714 1123 1786 1198 2,
1841 1118 1944 1180 die
1990 1123 2032 1180 2
2078 1117 2309 1182 mensis
2358 1117 2639 1203 Augusti
2681 1114 2959 1201 (ProviS.
3002 1117 3149 1182 filza
3198 1119 3280 1182 16

398 1251 457 1315 p.
493 1231 655 1314 9810,
707 1229 892 1317 Gaye
937 1231 972 1295 I
1019 1255 1080 1318 p.
1116 1228 1293 1315 458).

620 1364 885 1430 Possint
912 1401 987 1410 —-
1017 1367 1384 1452 expendere
1411 1407 1494 1416 -—
1521 1391 1722 1453 usque
1750 1367 1832 1432 ad
1859 1390 2179 1432 summam
2202 1377 2265 1431 et
2289 1367 2716 1452 quantitatem
2740 1369 2873 1434 200
2894 1368 3281 1433 florenorum

396 1481 534 1545 auri
571 1522 652 1530 —
689 1482 856 1547 inter
904 1483 1034 1547 alia
1063 1484 1132 1547 in
1164 1485 1570 1569 reparatione
1605 1493 1667 1549 et
1697 1505 1813 1570 pro
1862 1483 2267 1570 reparatione
2316 1484 2543 1548 domus
2593 1494 2654 1547 et
2700 1483 2986 1570 hospitii,
3038 1485 3107 1548 in
3154 1507 3279 1570 quo

395 1619 512 1682 pro
562 1599 819 1663 comuni
877 1598 1205 1665 Florentie
1255 1611 1540 1666 moratur
1584 1623 1790 1666 nouus
1850 1609 2155 1665 executor
2212 1599 2806 1667 ordinamentorum
2855 1601 3113 1686 iustitie·
3159 1609 3279 1666 cet.

620 1766 732 1833 84.
804 1770 995 1834 Anno
1045 1725 1250 1853 1320,
1319 1773 1664 1835 indictione
1711 1776 1787 1850 3,
1851 1773 1954 1835 die
1998 1777 2039 1834 9
2087 1773 2318 1835 mensis
2364 1771 2643 1856 Anqueti
2686 1768 2966 1854 (Provis.
2999 1770 3149 1835 filza
3198 1773 3276 1836 17

395 1905 456 1969 p.
491 1879 638 1967 bb).
721 1881 854 1950 Cfr.
891 1883 1076 1972 Gaye
1123 1885 1158 1950 I
1205 1911 1266 1973 p.
1302 1888 1452 1953 459.

617 2051 729 2119 85.
800 2056 991 2120 Anno
1043 2062 1236 2132 1320,
1281 2058 1624 2122 indictione
1663 2063 1729 2140 3,
1771 2059 1874 2122 die
1920 2065 1958 2121 4
2008 2060 2285 2122 intrante
2328 2080 2535 2122 mense
2569 2055 2953 2143 Septembris
3000 2052 3278 2141 (Provis.

393 2171 542 2235 filza
593 2172 670 2236 17
720 2194 782 2258 p.
823 2173 957 2238 13b
1007 2197 1066 2237 u.
1115 2195 1177 2260 p.
1215 2175 1365 2256 32a‚
1416 2171 1600 2259 Gaye
1633 2171 1668 2236 I
1715 2197 1774 2258 p.
1810 2168 1989 2256 459).

615 2306 804 2371 Balia
850 2307 1256 2373 dominorum
1300 2308 1590 2394 priorum
1637 2319 1700 2372 et
1746 2308 2113 2373 uexilliferi.
2166 2349 2246 2356 —
2296 2308 2465 2373 Item
2510 2331 2625 2394 pro
2658 2307 2901 2373 honore
2948 2307 3167 2394 populi
3218 2319 3281 2371 et

394 2422 686 2487 comunis
718 2421 772 2485 F
777 2423 1046 2488 lorentie
1095 2434 1157 2488 et
1205 2424 1486 2489 ciuitatis
1521 2425 1808 2490 eiusdem
1858 2426 2087 2489 decore
2135 2425 2425 2490 iamdicti
2458 2424 2703 2490 domini
2751 2426 2998 2511 priores
3048 2425 3282 2490 artium

394 2548 458 2601 et
502 2538 826 2603 uexillifer
872 2540 1115 2604 iustitie
1163 2541 1418 2627 possint
1464 2542 1683 2627 eisque
1717 2542 1909 2606 liceat
1937 2564 2056 2628 pro
2090 2542 2231 2628 ipso
2282 2542 2539 2606 comuni
2570 2541 2928 2628 prouidere,
2980 2541 3279 2606 ordinare

393 2664 457 2718 et
501 2655 758 2719 firmare
808 2655 885 2720 de
932 2655 1147 2741 platea
1192 2667 1256 2721 et
1302 2681 1494 2744 super
1541 2657 1754 2744 platea
1782 2659 2011 2745 palatii
2042 2659 2283 2745 populi,
2334 2659 2403 2722 in
2450 2680 2575 2744 quo
2624 2659 2871 2745 priores
2920 2668 2984 2723 et
3031 2658 3281 2723 uexilli-

389 2771 487 2834 fer
531 2771 775 2837 iustitie
823 2795 937 2858 pro
986 2775 1243 2838 comuni
1290 2785 1649 2859 morantur,
1723 2775 2092 2860 crescenda,
2146 2775 2515 2862 amplianda
2560 2788 2625 2839 et
2671 2775 3038 2860 elarganda‚
3088 2775 3158 2839 in
3206 2799 3283 2839 ea

395 2898 572 2972 parte
640 2899 703 2952 et
759 2899 948 2975 prout
1015 2900 1079 2955 et
1134 2891 1300 2956 sicut
1369 2892 1671 2977 expedire
1729 2891 2043 2972 uiderint3
2114 2902 2177 2957 et
2229 2915 2345 2978 pro
2402 2892 2547 2978 ipsa
2614 2891 2827 2979 platea
2888 2891 3277 2978 amplianda,

394 3004 744 3069 crescenda
800 3018 863 3071 et
910 3006 1260 3093 elarganda
1306 3007 1630 3072 destruere
1687 3016 1752 3072 et
1799 3007 2043 3072 destrui
2087 3008 2298 3072 facere
2348 3007 2571 3072 domos
2620 3018 2685 3072 et
2730 3030 3125 3094 quecumque
3173 3007 3278 3072 he-

395 3119 641 3205 diffitia‚
690 3122 761 3186 in
809 3120 984 3187 dicta
1029 3133 1092 3187 et
1123 3147 1316 3210 super
1364 3123 1538 3188 dicta
1583 3147 1698 3188 seu
1746 3125 1918 3189 circa
1964 3124 2070 3188 uel
2101 3124 2286 3188 iuxta
2332 3134 2442 3188 aut
2488 3147 2686 3210 prope
2730 3123 2968 3189 dictam
3000 3123 3280 3209 plateam

393 3237 622 3320 posita,
674 3260 960 3325 quasque
1008 3250 1073 3304 et
1119 3249 1276 3325 quot
1323 3240 1672 3324 uoluerint3
1746 3263 1821 3305 ac
1883 3241 2081 3306 etiam
2138 3240 2476 3326 prouidere
2532 3241 2786 3327 possint
2833 3240 2911 3304 de
2960 3239 3278 3305 solutione

395 3361 458 3416 et
503 3375 696 3438 super
743 3353 1062 3419 solutione
1107 3355 1396 3421 fatienda
1441 3367 1504 3420 et
1560 3357 1701 3421 fieri
1769 3357 2059 3422 fatienda
2112 3379 2227 3444 pro
2285 3357 2427 3442 ipso
2486 3357 2744 3421 comuni
2798 3354 2931 3420 illis
2978 3356 3278 3420 omnibus

395 3480 457 3533 et
511 3469 815 3556 singulis,
888 3495 1162 3557 quorum
1228 3483 1446 3538 essent
1507 3474 1612 3538 uel
1682 3497 1826 3539 esse
1886 3473 2253 3538 dicerentur
2322 3473 2549 3538 domus
2607 3483 2671 3536 et
2739 3471 3081 3556 hediffitia,
3156 3493 3279 3557 que

395 3584 874 3652 destruerentur
921 3599 1038 3654 cet.

615 3752 733 3821 86.
806 3757 995 3822 Anno
1045 3764 1243 3840 1321,
1295 3761 1396 3822 die
1444 3767 1526 3822 10
1575 3758 1933 3823 Februarii.
2010 3755 2144 3823 Cfr.
2182 3755 2365 3844 Gaye
2413 3756 2447 3821 I
2495 3781 2556 3844 p.
2591 3757 2742 3824 461.

617 3879 724 3990 87.
797 3925 988 3992 Anno
1059 3933 1265 4009 1322,
1338 3930 1441 3992 die
1507 3935 1594 3992 26
1648 3927 1993 3993 Februarii
2058 3925 2269 4012 (nicht
2323 3928 2383 3992 5.
2419 3925 2639 4010 Febr„
2706 3924 2957 3992 Provis.
2998 3925 3145 3990 filza
3196 3925 3276 3990 18

393 4063 452 4126 p.
480 4042 562 4105 67
579 4041 654 4124 b3
705 4041 808 4106 die
855 4039 1117 4108 Summe
1165 4043 1281 4108 der
1325 4042 1477 4112 Lire
1523 4038 1730 4126 fehlt).
1782 4041 1915 4110 Cfr.
1952 4029 2203 4130 Gaye'I
2234 4067 2295 4130 p.
2325 4044 2475 4109 464.

614 4208 728 4275 88.
807 4213 995 4277 Anno
1023 4219 1220 4293 1322,
1251 4216 1595 4279 indiccione
1621 4221 1682 4294 5,
1718 4215 1819 4278 die
1843 4220 1928 4278 22
1965 4213 2353 4300 Septembris
2384 4209 2661 4296 (ProviS.
2697 4211 2845 4276 filza
2879 4212 2961 4277 19
2996 4234 3055 4298 p.
3085 4212 3165 4276 37
3182 4209 3272 4295 b).

393 4322 528 4392 Cfr.
564 4324 747 4413 Gaye
794 4329 828 4393 I
874 4352 934 4415 p.
970 4329 1122 4395 464.

615 4495 733 4561 89.
809 4500 996 4564 Anno
1032 4506 1228 4582 1322,
1261 4501 1609 4564 indictione
1641 4507 1704 4583 6,
1739 4502 1841 4565 die
1872 4506 1956 4564 22
1991 4499 2374 4564 Nouembris
2404 4495 2683 4583 (ProviS.
2717 4497 2865 4562 filza
2901 4499 2981 4561 19
3015 4520 3075 4583 p.
3111 4498 3198 4564 43
3214 4521 3270 4582 a,

394 4611 575 4700 Gaye
623 4614 654 4678 I
705 4639 763 4702 p.
798 4612 978 4699 465).

616 4791 699 4799 —
745 4750 872 4815 Pro
919 4752 1326 4838 reparatione
1375 4761 1439 4814 et
1485 4751 1809 4837 aptamine
1858 4750 2083 4836 palatii
2132 4761 2196 4814 et
2242 4749 2500 4832 domus,
2574 4749 2644 4812 in
2699 4748 2931 4833 quibus
2990 4757 3276 4813 moratur

393 4889 506 4930 seu
551 4877 912 4932 moraturus
961 4878 1059 4932 est
1107 4869 1405 4932 dominus
1441 4868 1813 4954 capitaneus
1861 4867 2083 4954 populi
2132 4877 2195 4931 et
2240 4867 2533 4930 comunis
2566 4865 2894 4930 Florentie
2943 4887 3089 4930 cum
3137 4866 3275 4930 eius

391 4983 653 5068 familia,
705 5007 780 5048 ac
827 4985 1022 5048 etiam
1069 4985 1324 5067 domuS,
1395 4985 1463 5049 in
1511 5007 1639 5071 qua
1684 4993 2045 5048 moraturus
2103 4993 2201 5047 est
2246 4981 2441 5046 iudex
2488 4981 2990 5068 appellationum
3038 4992 3101 5045 et
3148 4982 3277 5046 sin-

393 5099 573 5164 dicus
644 5101 935 5164 comunis
992 5123 1138 5165 cum
1185 5123 1304 5166 sua
1353 5100 1617 5185 familia,
1671 5141 1754 5150 —
1802 5099 2167 5186 expendere
2217 5139 2299 5148 —
2350 5121 2553 5184 usque
2611 5098 2681 5163 in
2736 5098 3168 5184 quantitatem
3214 5108 3279 5162 et

393 5239 709 5281 summam
753 5216 1066 5280 librarum
1117 5219 1245 5282 100
1273 5216 1316 5281 f.
1344 5240 1405 5303 p.
1451 5229 1568 5283 cet.

499 5340 667 5390 rrey.
699 5339 770 5378 dte
797 5339 970 5387 hoggi.
997 5339 1066 5379 det
1095 5337 1294 5388 signori.
2776 5337 2848 5389 2ss
