4009 5859
2050 442 2080 504 1
2092 441 2177 502 5ss

664 623 837 688 sitati
887 633 1314 688 mercatorum
1358 619 1642 684 ciuitatis
1690 618 2018 684 Florentie
2067 627 2130 682 et
2177 616 2553 682 offitialibus
2603 639 2841 698 eorum,
2893 626 2959 681 et
3005 616 3176 700 quod
3221 617 3366 702 ipsa
3413 615 3546 679 uni-

663 741 935 805 uersitas
994 748 1057 804 et
1123 740 1163 802 5
1220 735 1569 802 consiliarii
1627 733 2071 798 uniuersitatis
2131 731 2420 798 eiusdem
2480 767 2562 776 ——-
2620 731 2900 796 debeant
2967 732 3175 820 ipsam
3237 731 3548 798 fabricam
3653 811 3658 815 .

664 869 729 923 et
774 855 1234 943 perfectionem
1280 853 1485 939 ipsius
1534 851 1805 916 ecclesie
1850 849 2092 914 habere
2140 884 2222 894 --
2271 848 2787 914 commendatam
2837 859 2954 914 cet.

888 1027 950 1092 7.
1018 1029 1206 1091 Anno
1248 1030 1447 1105 1383,
1502 977 1846 1088 indictionis·
1893 1029 1952 1102 7,
2025 1023 2126 1085 die
2179 1027 2265 1084 27
2318 1023 2547 1084 ”tensis
2605 1020 2900 1085 octubris
2955 1017 3234 1104 (Provis.
3269 1021 3417 1086 filza
3466 1021 3548 1086 73

666 1169 728 1234 p.
769 1145 890 1211 167
912 1146 970 1229 b,
1022 1142 1208 1230 Gaye
1253 1141 1288 1205 I
1335 1165 1395 1227 p.
1432 1135 1610 1224 531).

887 1276 995 1343 Ad
1044 1300 1121 1342 ea
1164 1276 1461 1357 maxime,
1513 1297 1635 1360 que
1669 1273 1789 1338 Dei
1839 1271 2099 1338 laudem
2145 1294 2535 1337 concernere
2569 1271 3036 1356 dignoscuntur
3083 1282 3148 1338 et
3195 1272 3293 1337 sui
3326 1271 3549 1358 templi

664 1396 1021 1482 respiciunt
1074 1403 1548 1474 ornamentum,
1602 1413 1747 1456 cum
1805 1390 1980 1454 omni
2037 1388 2380 1474 diligentia
2436 1388 2773 1456 intendere
2823 1389 3174 1475 cupienteS‚
3227 1389 3550 1472 magnifici

667 1523 732 1577 et
778 1521 1072 1598 potentes
1130 1510 1281 1594 uiri,
1352 1507 1594 1574 domini
1652 1507 1897 1592 priores
1954 1506 2190 1571 art-ium
2247 1519 2311 1570 et
2371 1504 2692 1570 uexillifer
2753 1505 2998 1570 iustitie
3057 1505 3280 1592 populi
3341 1515 3404 1570 et
3452 1527 3551 1569 co-

666 1628 880 1692 munis
928 1626 978 1689 F
986 1626 1254 1690 lorentie
1302 1633 1366 1688 et.
1413 1622 1917 1704 consideranteS,
1969 1621 2142 1706 quod
2188 1621 2466 1686 ecclesia
2511 1630 2740 1686 sancte
2789 1619 3020 1688 Crucis
3071 1621 3150 1686 de
3197 1620 3548 1704 Florentia,

668 1765 782 1829 pro
829 1742 1137 1807 fratribus
1184 1740 1547 1805 Minoribus
1595 1738 1894 1806 ordinata
1940 1747 2005 1801 et
2052 1737 2132 1801 ab
2183 1738 2321 1802 eius
2370 1737 2554 1802 initio
2604 1737 2877 1802 fundata
2923 1760 3036 1824 per
3069 1737 3374 1823 populum
3407 1736 3552 1802 Flo-

665 1859 1008 1936 rentinum,
1059 1856 1268 1920 adhuc
1314 1877 1446 1920 non
1493 1865 1592 1920 est
1637 1853 1925 1940 perfecta
1970 1864 2036 1918 et
2082 1853 2271 1938 quod,
2341 1853 2397 1918 si
2454 1853 2670 1936 legata
2726 1863 2790 1920 et
2835 1855 3064 1940 relicta
3113 1877 3304 1940 opere
3353 1865 3418 1919 et
3461 1854 3551 1918 fa-

668 1974 845 2039 brice
892 1972 1164 2042 ecclesie
1210 1981 1561 2036 memorate
1619 1981 1683 2034 et
1731 1970 1876 2052 alia,
1928 1969 2011 2034 ad
2059 1970 2268 2054 ipsam
2315 1968 2630 2034 fabricam
2679 1979 2743 2033 et
2788 1992 3048 2055 operam
3097 1969 3367 2034 iuridice
3412 1993 3552 2056 per-

667 2089 961 2167 tinentia,
1011 2111 1126 2172 per
1172 2086 1479 2152 debentes
1530 2087 1961 2168 soluerentur,
2028 2121 2109 2129 -—-
2170 2096 2392 2171 posset
2449 2086 2528 2151 de
2582 2074 2761 2150 facili
2809 2096 2874 2150 et
2919 2087 2987 2150 in
3034 2087 3217 2152 breui
3265 2097 3553 2172 tempore

674 2204 757 2270 ad
802 2203 1263 2291 perfectionem
1309 2203 1457 2268 duci
1505 2203 1781 2268 ecclesia
1826 2201 2215 2288 supradicta,
2254 2237 2338 2246 -
2374 2237 2457 2246 —
2491 2200 3014 2266 deliberauerunt
3056 2201 3160 2266 die
3193 2203 3278 2268 26
3310 2203 3554 2268 mensis

669 2319 960 2385 Ottobris
1008 2343 1177 2384 anno
1225 2319 1467 2384 domini
1520 2319 1713 2400 1383,
1762 2318 2114 2383 indictione
2164 2319 2222 2402 7,
2260 2353 2344 2363 —-
2388 2317 2558 2403 quod
2607 2327 2852 2404 septem
2885 2319 3236 2384 consiliarii
3268 2341 3554 2384 mercan-

673 2436 759 2501 tie
829 2445 893 2500 et
957 2435 1396 2500 uniuersitatis
1460 2444 1884 2500 mercatorum
1961 2434 2242 2522 ciuitatis
2296 2433 2623 2498 Florentie
2705 2469 2788 2478 —
2876 2434 3132 2520 possint
3206 2458 3280 2499 ac
3361 2427 3612 2499 etiam'

670 2551 790 2616 sub
838 2550 1150 2635 religione
1198 2560 1261 2614 et
1306 2550 1564 2615 uinculo
1604 2550 1957 2635 juramenti
2002 2560 2341 2615 teneantur
2385 2559 2448 2614 et
2489 2548 2768 2615 debeant
2817 2585 2900 2594 —
2947 2551 3204 2637 exigere
3236 2573 3351 2616 seu
3383 2551 3554 2635 exigi

671 2666 884 2732 facere
930 2689 1046 2753 per
1092 2689 1313 2732 eorum
1360 2667 1874 2732 commissarium
1920 2667 2026 2731 uel
2074 2667 2551 2732 commissarios
2602 2702 2683 2710 —-
2733 2688 2878 2730 cum
2935 2667 3168 2732 effectu
3223 2668 3304 2731 ab
3352 2667 3554 2732 omni-

670 2782 791 2847 bus
852 2791 915 2846 et
971 2782 1263 2867 singulis,
1326 2781 1712 2847 debentibus
1770 2780 2013 2866 aliquid
2073 2781 2225 2846 dare
2291 2803 2483 2868 opere
2539 2781 2781 2848 fabrice
2836 2783 2941 2846 uel
3005 2782 3277 2848 ecclesie
3335 2795 3554 2848 sancte

671 2894 899 2962 Crucis
946 2899 1170 2962 ultime
1218 2897 1567 2963 uoluntatis
1617 2908 1680 2962 et
1726 2921 1840 2964 seu
1886 2921 2002 2984 per
2048 2897 2308 2962 modum
2354 2898 2550 2982 legati
2603 2898 2703 2962 uel
2749 2897 2957 2962 relicti
2990 2908 3101 2962 aut
3130 2899 3554 2964 institutionis

670 3013 1054 3078 uniuersalis
1124 3014 1226 3078 uel
1272 3014 1697 3101 particularis,
1757 3024 1821 3078 et.
1875 3036 2102 3098 cogere
2163 3049 2244 3058 —-
2303 3023 2368 3078 et
2425 3014 2567 3098 cogi
2629 3013 2840 3079 facere
2897 3049 2977 3058 —
3043 3036 3156 3101 per
3203 3015 3558 3100 quemlibet

670 3139 982 3194 rectorem
1032 3165 1113 3173 -
1163 3153 1384 3195 omnes
1434 3141 1499 3195 et
1543 3129 1851 3215 singulos,
1903 3130 2212 3196 debentes
2258 3131 2567 3216 predictis
2615 3130 2885 3196 ecclesie
2920 3130 3162 3195 fabrice
3196 3153 3310 3196 seu
3341 3153 3552 3216 opere.

678 3277 758 3286 —
807 3242 975 3308 Item
1022 3245 1191 3331 quod
1240 3245 1511 3331 predicti
1560 3257 1807 3332 septem
1854 3247 2205 3312 consiliarii
2257 3281 2337 3290 —
2387 3247 2640 3333 possint
2687 3281 2767 3290 —
2805 3247 3043 3332 eligere
3077 3282 3160 3290 —
3210 3271 3408 3312 unum
3455 3269 3554 3311 ca-

672 3360 1016 3425 merarium
1064 3397 1145 3404 —
1194 3362 1276 3426 ad
1322 3361 1779 3448 recipiendum,
1833 3362 2214 3430 soluendum
2262 3375 2325 3428 et
2365 3363 2882 3429 distribuendum
2915 3386 3138 3428 omnes
3173 3374 3237 3428 et
3267 3363 3556 3448 singulas

635 3477 1081 3560 quantitates,
1130 3499 1246 3562 pro
1295 3476 1599 3563 predictis
1647 3479 1898 3545 debitas
1947 3490 2065 3544 cet.
