4009 5859
1688 426 2051 520 ---.1’3ἓ,,
2092 515 2112 519 -

460 601 611 666 tatis
660 603 1083 668 communiter
1128 625 1351 666 omnes
1399 602 1594 687 large,
1644 612 1815 665 recte
1864 626 1936 666 ac
1986 601 2310 688 lapidibus
2359 614 2420 666 et
2467 604 2533 667 in
2575 613 2756 690 parte
2788 605 3096 669 lateribus
3129 605 3336 670 lastri-

460 729 619 802 cat-e,
668 729 739 782 ut
784 741 1011 782 cenum
1060 719 1125 782 in
1174 741 1250 782 ea
1296 718 1711 804 multiplicari
1758 743 1891 782 non
1937 719 2168 804 possit3
2221 728 2284 782 et
2331 719 2748 785 nihilominus
2795 743 2910 806 per
2941 720 3336 806 aqueductus

458 833 539 898 ad
586 833 707 898 hoc
756 833 1103 920 dispositos
1153 836 1455 899 continuo
1506 843 1945 919 exterguntur.

636 947 777 1014 Sita
830 959 929 1014 est
985 950 1051 1014 in
1100 951 1367 1037 planitie
1417 961 1629 1037 preter
1678 951 1960 1036 aliquam
2006 951 2204 1015 totius
2252 963 2549 1037 respectu
2596 952 3006 1037 particulam,
3066 976 3188 1038 que
3238 963 3336 1018 est

454 1065 925 1151 aliquantulum
993 1080 1351 1130 montuosa.
1446 1063 1737 1152 Suntque
1808 1067 1875 1130 in
1946 1066 2221 1131 diuersis
2292 1067 2452 1132 locis
2499 1069 2563 1132 in
2615 1092 2692 1132 ea
2736 1080 2868 1134 tam
2917 1069 3333 1134 ecclesiarum

453 1205 646 1268 quam
706 1184 1062 1247 communis
1124 1183 1374 1247 diuerse
1424 1183 1661 1269 platee,
1722 1185 1791 1246 in
1838 1205 2110 1269 quarum
2159 1184 2481 1268 aliquibus
2531 1183 2836 1249 animalia
2881 1195 3066 1248 extra
3113 1185 3332 1248 ciuita-

453 1310 583 1362 tem
652 1308 931 1363 mactata
994 1307 1058 1362 et
1116 1298 1243 1362 alia
1298 1299 1667 1364 necessaria
1712 1299 2096 1363 uenduntur.
2192 1299 2277 1363 Et
2323 1300 2494 1364 idem
2565 1301 2630 1364 in
2703 1281 2979 1364 diuersis
3051 1301 3331 1364 ciuitatis

451 1414 661 1480 triuiis
710 1437 825 1501 pro
874 1415 1331 1479 commoditate
1381 1415 1619 1479 ciuium
1669 1417 2066 1480 obseruatur.

626 1527 866 1596 Colunt
914 1554 1134 1595 omnes
1182 1531 1443 1594 unicum
1491 1530 1700 1612 deum,
1774 1529 2052 1614 Patrem,
2113 1529 2354 1595 Filium
2401 1539 2466 1594 et.
2509 1527 2823 1616 Spiritum
2868 1527 3195 1614 Sanctum,
3267 1540 3333 1595 et

447 1657 665 1712 tenent
722 1657 786 1711 et
833 1658 1096 1712 seruant
1141 1648 1208 1711 in
1258 1648 1578 1730 omnibus,
1628 1670 1751 1732 que
1800 1657 1975 1710 tenet
2025 1655 2088 1712 et
2134 1657 2350 1710 seruat
2395 1647 2588 1711 unica
2635 1656 2862 1711 sancta
2915 1657 2979 1712 et
3014 1646 3332 1711 catholica

447 1763 739 1846 ecclesia,
814 1764 994 1827 cuius
1067 1787 1319 1849 semper
1388 1763 1686 1827 inherent
1740 1763 2166 1849 beneplacitis
2216 1776 2279 1828 et
2325 1763 2606 1849 sequela.
2699 1762 2974 1828 Videtur
3019 1762 3138 1828 hec
3186 1785 3329 1828 esse

446 1879 693 1962 ciuitas,
768 1879 847 1944 de
895 1903 1022 1965 qua
1068 1875 1324 1964 Sybiilla
1370 1879 1653 1965 loquitur
1708 1879 2027 1962 Erithrea,
2104 1901 2226 1966 que
2297 1879 2376 1944 de
2445 1880 2758 1944 tractibus
2829 1879 3110 1965 partium
3165 1878 3328 1944 Asie

443 1995 769 2059 transiens
819 1994 900 2059 ad
948 2006 1162 2081 partes
1210 1995 1488 2082 Europe,
1539 1997 1723 2083 ponit
1768 1995 1887 2059 hec
1934 1997 2152 2060 uerba.

641 2110 743 2196 ,In
775 2111 1033 2197 Europe
1080 2113 1369 2198 partibus
1420 2135 1501 2176 ex
1544 2135 1688 2176 rore
1720 2113 1927 2176 nobili
1962 2110 2494 2176 descendentium
2524 2111 2785 2176 Romuli
2815 2111 3174 2178 Romulene
3206 2112 3326 2176 flos

440 2227 724 2315 ‚quidem
773 2228 1037 2292 floridus
1086 2239 1149 2292 et
1198 2229 1477 2292 candore
1526 2229 1809 2294 mirabili
1857 2229 2119 2312 liliatas,
2172 2229 2292 2292 sub
2341 2237 2542 2292 marte
2585 2239 2903 2293 nascetur.
2999 2224 3128 2292 Sed
3167 2228 3329 2292 citra

440 2345 693 2427 ,florum
739 2368 985 2410 morem
1036 2368 1179 2409 cum
1229 2345 1605 2410 difficultate
1654 2368 1729 2409 ac
1778 2344 2029 2409 dierum
2075 2344 2478 2430 longitudine
2525 2344 2877 2409 deducetur
2922 2345 2991 2408 in
3029 2344 3324 2409 formam.

438 2465 630 2545 ,Ante
678 2472 895 2526 tamen
938 2485 1131 2548 quam
1178 2473 1444 2546 arescat,
1496 2463 1621 2527 sibi
1666 2462 1941 2527 subiciet
1985 2462 2335 2526 multarum
2365 2461 2652 2546 gentium
2693 2461 3008 2525 nationeS.
3087 2459 3174 2524 Et
3205 2460 3328 2524 erit

437 2577 768 2661 ,fortitudo
817 2579 955 2642 eius
1004 2578 1071 2642 in
1118 2589 1261 2642 rota
1306 2589 1369 2643 et
1411 2589 1553 2643 rota
1597 2579 1777 2643 dabit
1816 2588 2031 2664 partes
2067 2579 2204 2642 eius
2237 2579 2492 2643 infimas
2531 2577 2712 2663 quasi
2746 2572 2978 2663 pares.‘
3068 2576 3324 2642 Deinde

440 2695 673 2760 transit
720 2693 803 2758 ad
850 2705 1159 2759 tractat-us
1209 2695 1421 2760 uarios
1474 2695 1550 2758 de
1598 2695 1889 2780 partibus
1921 2694 2273 2776 AfricaniS,
2325 2695 2391 2758 in
2431 2693 2695 2779 Europa
2741 2692 2834 2756 nil
2882 2691 3056 2756 aliud
3102 2692 3168 2756 in
3201 2692 3325 2758 hac

436 2819 620 2896 parte
670 2810 1039 2896 disponens.
1133 2810 1277 2875 Etsi
1329 2812 1593 2896 dicatur,
1646 2811 1817 2897 quod
1865 2811 2041 2897 loqui
2089 2821 2300 2896 potest
2348 2810 2426 2874 de
2474 2809 2702 2893 Roma,
2752 2833 2881 2873 non
2931 2817 3030 2873 est
3077 2831 3319 2892 uerum,

440 2925 593 3011 quia
648 2925 768 2990 hec
816 2922 1071 3011 Sybilla
1125 2927 1356 2990 claruit
1403 2926 1512 2991 diu
1569 2937 1715 3013 post
1770 2929 1995 2992 urbem
2044 2925 2370 2992 conditam
2425 2935 2489 2990 et
2541 2924 2927 2990 mirabiliter
2973 2925 3324 3006 exaltatam

439 3053 725 3128 tempore
780 3043 1039 3106 Nummi
1103 3041 1408 3129 Pompilii
1464 3052 1527 3106 et
1572 3041 1861 3107 Exechie
1915 3042 2116 3128 Regis
2163 3042 2352 3126 Juda,
2426 3043 2537 3128 qui
2585 3042 2866 3106 Numma
2911 3042 3208 3127 regnauit
3253 3043 3322 3106 in

436 3157 595 3221 urbe
642 3158 887 3244 primus
935 3167 1082 3244 post
1126 3157 1492 3241 Romulum,
1545 3167 1615 3221 ut
1660 3169 1837 3244 patet
1883 3159 1952 3222 in
2000 3158 2342 3242 chronicis,
2394 3159 2524 3222 iam
2570 3158 2790 3222 multis
2825 3158 3011 3222 annis
3046 3159 3128 3223 ab
3161 3160 3320 3223 urbe

439 3273 701 3338 condita
753 3273 972 3361 lapsis,
1066 3271 1231 3338 Sunt
1285 3283 1350 3338 et
1419 3274 1548 3338 alia
1592 3275 1795 3338 multa
1859 3273 2119 3358 iudicia,
2191 3271 2422 3360 quod¹)
2490 3274 2804 3360 propheta
2871 3272 2992 3338 hoc
3049 3272 3127 3337 de
3174 3273 3228 3337 F
3231 3273 3319 3338 lo-

437 3390 647 3452 rentia
703 3388 1021 3475 loquatur,
1094 3412 1217 3475 que
1273 3391 1673 3474 omittuntur,
1748 3391 1957 3476 gratia
2003 3391 2364 3456 breuitatis.
2459 3387 2588 3455 Sed
2634 3390 2758 3455 hoc
2804 3414 2936 3455 non
2981 3390 3316 3474 omittitur,

436 3505 611 3590 quod
664 3517 809 3592 post
865 3507 1235 3572 Erithream
1282 3515 1569 3593 tempore
1618 3504 1961 3572 Octauiani
2013 3507 2244 3571 claruit
2277 3506 2629 3572 Tabertina
2674 3506 2931 3591 sybilla,
2983 3529 3107 3591 que
3153 3514 3318 3570 trac-

438 3631 585 3685 tans
636 3621 715 3686 de
764 3622 1043 3707 quadam
1091 3623 1371 3707 ciuitate,
1415 3625 1599 3710 ponit
1645 3624 1831 3710 quasi
1872 3623 2129 3706 similia,
2182 3623 2295 3687 sed
2343 3647 2458 3708 per
2504 3623 2633 3687 alia
2663 3624 2879 3706 uerba,
2931 3622 3111 3688 cuius
3145 3623 3320 3687 dicta

436 3760 553 3822 per
598 3737 833 3802 multos
882 3739 961 3802 ad
1012 3739 1339 3803 ciuitatem
1386 3739 1783 3804 Florentiam
1830 3739 2268 3804 uerisimiliter
2315 3739 2724 3804 reducuntur.

614 3983 653 4050 ¹)
709 3982 1113 4038 Baluze-Mansi
1158 3984 1329 4056 quod3
1384 3985 1561 4058 Bongi
1612 3985 1823 4039 schrieb
1862 3994 1943 4054 qt,
2000 3985 2143 4040 wohl
2181 3993 2443 4058 quatenus
2482 3984 2618 4039 oder
2653 3984 2874 4056 quibus3
2933 3983 3031 4038 das
3068 3983 3316 4037 Letztere

435 4089 525 4125 so:
564 4071 679 4136 qb'3
719 4089 814 4126 aus
852 4072 907 4125 b'
947 4079 1091 4126 ware
1126 4081 1150 4127 t
1189 4072 1491 4144 geworden.
1568 4073 1729 4140 Quod
1767 4075 1883 4146 gibt
1912 4067 2115 4146 jedoch
2154 4075 2310 4128 einen
2347 4081 2512 4146 guten
2549 4072 2697 4128 Sinn.

2777 5344 2880 5400 16*ι
