4009 5859
2050 399 2181 464 248

892 576 978 661 (a.
1029 601 1084 642 a.
1135 577 1214 643 O.
1265 600 1324 662 p.
1379 572 1554 659 Ta.)-

892 693 1182 758 Antonio
1229 691 1503 775 Mazini‚
1555 693 1892 777 magistro,
1942 715 2060 776 pro
2108 691 2515 756 ordinatione
2562 692 2855 758 lastrichi
2900 693 3113 780 platee
3160 703 3381 759 sancte
3428 692 3552 757 Re-

671 819 892 896 parate
963 819 1027 874 et
1095 809 1515 873 extimatione
1586 830 1912 872 murorum
1968 817 2190 872 sancte
2239 804 2470 872 Cicilie
2528 819 2593 873 et
2646 833 2973 874 murorum
3020 809 3264 874 domini
3312 809 3553 896 Filippi

669 900 846 989 Pieri
890 924 1203 1010 Raynerii
1249 924 1452 988 libra-s
1499 925 1542 988 4
1573 923 1616 988 f.
1652 946 1712 1010 p.
1809 919 1973 1006 (Das
2022 922 2265 1007 Letzte‚
2318 924 2420 988 die
2468 922 2743 988 Manern
2790 924 2904 988 des
2952 924 3005 988 F
3011 925 3211 1011 ilippo
3258 925 3324 989 di
3362 923 3551 988 Piero

669 1041 996 1124 Raineri0‚
1044 1040 1302 1105 bezieht
1349 1039 1490 1104 sic-h
1537 1038 1651 1104 auf
1692 1039 1794 1104 die
1844 1036 2103 1105 Strasse
2151 1041 2442 1126 ringsum
2491 1038 2609 1106 Sta
2652 1036 3027 1126 Reparata.)

893 1155 1183 1220 Antonio
1243 1155 1534 1241 predicto
1585 1164 1648 1219 et
1693 1154 1878 1220 sotiis
1925 1178 2042 1241 pro
2090 1156 2538 1240 extimatione,
2595 1157 2766 1221 facta
2812 1157 2891 1221 de
2939 1180 3120 1221 muro
3168 1166 3232 1220 et
3277 1166 3548 1238 terrene,

671 1273 1102 1337 existentibus
1150 1272 1319 1335 inter
1365 1271 1676 1336 Maffeum
1726 1271 1804 1336 de
1838 1270 2145 1336 Tedaldis
2194 1281 2259 1336 et
2288 1271 2659 1338 «Iohannem
2705 1271 3054 1357 Ricciardi,
3102 1272 3305 1337 libras
3338 1273 3377 1337 2
3409 1271 3453 1336 f.
3488 1295 3549 1356 p.

892 1388 1022 1453 Βία
1070 1387 1316 1452 XXXI
1352 1387 1525 1451 Julii
1567 1383 1653 1470 (a.
1705 1411 1761 1452 a.
1812 1387 1891 1453 O.
1941 1411 2003 1474 p.
2054 1384 2197 1471 9b).

893 1504 1183 1569 Antonio
1216 1503 1460 1568 Mazini
1506 1525 1621 1590 pro
1655 1502 1816 1568 Orto
1865 1505 2074 1568 sancti.
2106 1504 2407 1570 Michelis
2454 1527 2534 1568 ex
2585 1527 2781 1569 causa
2818 1507 3023 1570 mutui
3056 1505 3257 1572 libras
3292 1505 3379 1569 30
3408 1503 3452 1568 f.
3488 1525 3547 1590 p.

891 1621 1022 1684 Βία
1057 1624 1274 1706 primo
1325 1618 1710 1706 Septembris
1757 1614 1842 1702 (a.
1893 1643 1950 1684 a.
2002 1619 2082 1685 Ο.
2132 1644 2192 1706 p.
2248 1617 2423 1705 lla).

890 1739 1180 1804 Antonio
1229 1737 1476 1802 Bartoli
1533 1760 1647 1824 pro
1707 1738 2028 1802 laborerio
2078 1738 2342 1802 oratorii
2390 1738 2533 1804 Ort-i
2584 1739 2788 1804 sancti
2837 1737 3180 1802 Michaelis
3228 1762 3311 1824 ex
3356 1759 3553 1802 causa

668 1855 874 1920 mutui
923 1854 1120 1918 libras
1172 1855 1257 1919 25
1303 1853 1345 1917 f.
1397 1877 1458 1939 p.

889 1970 1180 2035 Antonio
1228 1968 1472 2034 Mazini
1523 1980 1586 2034 et
1632 1971 1835 2055 sotiiS,
1886 1971 2234 2055 magistris,
2285 1993 2400 2057 pro
2446 1971 2765 2036 laborerio
2816 1970 2895 2034 de
2941 1971 3331 2057 Bonaguisis
3374 1980 3439 2034 et
3471 1969 3549 2034 de

672 2085 978 2151 Tedaldis
1029 2109 1109 2150 ex
1160 2107 1356 2150 causa
1400 2086 1604 2151 mutui
1652 2085 1853 2152 libras
1906 2089 2036 2152 100
2079 2086 2122 2151 f.
2170 2110 2233 2173 p.

887 2204 1018 2268 Die
1066 2202 1149 2266 II
1183 2205 1412 2267 mensis
1464 2202 1742 2267 Octobris
1788 2200 1873 2285 (a.
1924 2227 1978 2267 a.
2031 2200 2109 2267 Ο.
2159 2226 2221 2288 p.
2276 2203 2459 2286 15b).

891 2318 1060 2384 Item
1107 2359 1190 2367 —-
1242 2317 1780 2401 deliberauerunt,
1833 2319 2002 2404 quod
2035 2317 2373 2384 Johannes
2407 2319 2579 2384 Pieri
2612 2319 2897 2384 Bandini
2944 2329 3009 2383 et
3054 2319 3166 2384 alii
3214 2318 3352 2383 eius
3402 2339 3549 2382 con-

668 2445 873 2501 sortes
923 2435 1118 2500 tnrris
1166 2433 1568 2498 Baroncellis
1617 2445 1683 2498 et
1729 2433 2019 2518 aliorum,
2071 2435 2427 2519 positorum
2474 2435 2656 2499 iuxta
2701 2435 2875 2500 uiam
2916 2435 3369 2516 Vachareccie,
3420 2435 3551 2498 sint

669 2551 1016 2615 creditores
1075 2550 1232 2615 dicti
1287 2549 1498 2636 operis
1548 2582 1631 2594 —
1680 2550 1746 2613 in
1797 2549 1982 2614 libris
2031 2551 2116 2614 82
2166 2561 2230 2614 et
2277 2551 2503 2615 solidis
2556 2553 2633 2616 17
2686 2574 2801 2637 pro
2854 2553 2979 2617 165
3028 2551 3348 2629 bracchiis
3396 2573 3549 2636 qua-

671 2666 804 2731 dris
851 2667 1037 2750 muri,
1090 2667 1317 2752 positis
1365 2667 1431 2731 in
1479 2665 1644 2729 facie
1691 2666 1884 2730 turris
1934 2665 2202 2751 predicti
2255 2689 2477 2732 uersus
2526 2667 2861 2732 ecclesiam
2898 2678 3119 2732 sancte
3154 2665 3396 2732 Cecilie
3428 2675 3546 2730 cet.

893 2782 1084 2846 Anno
1118 2788 1316 2864 1391,
1349 2785 1694 2847 indictione
1727 2790 1834 2862 15,
1869 2784 1971 2846 die
2001 2789 2043 2845 ‚9
2076 2786 2305 2847 mensis
2342 2782 2629 2848 Octobris
2660 2781 2939 2868 (ProviS.
2973 2785 3122 2849 filza
3144 2784 3222 2848 81
3254 2784 3545 2868 p.115b;

667 2895 849 2984 Gaye
894 2897 931 2961 I
978 2921 1038 2984 p.
1089 2894 1268 2979 535).

886 3013 1224 3099 Magnifici
1273 3023 1336 3078 et
1382 3024 1676 3099 potentes
1725 3014 1991 3098 domini,
2043 3014 2290 3079 domini
2336 3015 2582 3100 priores
2632 3015 2865 3080 artium
2898 3025 2961 3079 et
3004 3014 3327 3080 uexillifer
3368 3014 3546 3080 iusti-

663 3131 751 3194 tie
798 3130 1019 3216 populi
1067 3141 1130 3194 et
1175 3131 1466 3194 comunis
1514 3129 1567 3193 F
1571 3130 1870 3214 lorentie,
1937 3130 2455 3214 consideranteS,
2506 3131 2681 3216 quod
2725 3131 2809 3194 ad
2856 3130 3314 3216 perfectionem
3362 3153 3544 3194 orna-

664 3246 866 3310 menti
913 3245 1124 3331 platee
1172 3246 1461 3332 ipsorum
1508 3245 1730 3332 palatii
1779 3256 1998 3330 restat,
2051 3247 2221 3332 quod
2270 3246 2516 3328 domus²
2568 3270 2690 3332 que
2740 3257 2892 3312 sunt
2936 3248 3017 3311 ab
3067 3247 3301 3332 angulo
3347 3247 3544 3311 eccle-

665 3363 758 3426 sie
816 3363 1021 3426 sancti
1071 3360 1332 3426 Romuli
1389 3385 1612 3426 uersus
1674 3363 1910 3427 dictam
1971 3363 2253 3448 plateam
2300 3385 2499 3448 usque
2549 3361 2631 3426 ad
2680 3364 2850 3426 uiam
2900 3363 3038 3427 siue
3087 3363 3394 3447 angulum
3441 3363 3543 3425 uie

665 3477 768 3541 del
801 3475 1041 3560 Garho,
1091 3477 1173 3541 ad
1219 3477 1491 3542 formam
1538 3488 1601 3542 et
1648 3479 1908 3543 modum
1957 3479 2291 3543 domorum
2340 3481 2781 3565 oppositarum
2827 3489 2891 3543 et
2937 3502 3050 3543 seu
3098 3479 3429 3543 domorum
3466 3479 3544 3541 de

663 3594 1053 3679 Bonaguisis
1100 3593 1491 3660 reducantur
1535 3618 1650 3681 pro
1698 3606 1928 3660 ornatu
1977 3594 2145 3659 dicte
2194 3596 2421 3680 platee,
2474 3635 2556 3644 ——
2605 3595 3127 3665 deliberauerunt
3159 3594 3260 3657 die
3294 3597 3335 3658 6
3369 3618 3543 3658 men-

663 3713 754 3777 sis
805 3709 1138 3796 Octobris,
1199 3734 1367 3775 anno
1418 3710 1661 3776 domini
1713 3714 1904 3794 1391,
1954 3711 2311 3775 indictione
2365 3713 2474 3795 15,
2539 3712 2710 3797 quod
2757 3712 3034 3798 operarii
3082 3734 3273 3797 opere
3322 3721 3385 3775 et
3431 3733 3545 3776 seu

661 3829 903 3893 fabrice
951 3828 1222 3893 ecclesie
1269 3837 1490 3892 sancte
1537 3826 1859 3912 Reparate
1909 3828 1988 3892 de
2032 3827 2365 3892 Florentia
2396 3868 2480 3876 —
2526 3827 2804 3892 debeant
2851 3826 3001 3892 hinc
3048 3827 3132 3891 ad
3178 3829 3218 3892 6
3266 3850 3541 3909 menseS,

663 3945 954 4032 proxime
1001 3944 1270 4028 futuros,
1337 3943 1545 4007 facere
1595 3944 1878 4008 construi
1927 3956 1992 4006 et
2039 3943 2373 4007 hedificari
2421 3943 2744 4028 quendam
2790 3967 3043 4008 murum
3091 3944 3169 4008 de
3216 3943 3543 4029 lapidibus

663 4061 906 4126 conciis
953 4084 993 4124 a
1040 4059 1211 4124 dicto
1261 4059 1495 4144 angulo
1545 4059 1816 4123 ecclesie
1864 4061 2073 4124 sancti
2104 4057 2367 4123 Romuli
2416 4081 2617 4145 usque
2664 4059 2745 4123 ad
2794 4061 2967 4124 uiam
3016 4058 3371 4136 delGarbo
3404 4084 3542 4146 pre-

662 4176 928 4260 dictam3
979 4210 1060 4222 —-
1110 4199 1185 4240 eo
1241 4185 1460 4238 tamen
1518 4176 1776 4261 prouiso
1834 4184 1898 4238 et
1954 4174 2305 4258 declarat0‚
2380 4174 2568 4260 quod,
2621 4185 2985 4242 constructo
3034 4186 3098 4240 et
3141 4176 3311 4241 facto
3360 4199 3541 4241 muro

659 4294 948 4380 predicto
995 4315 1197 4378 usque
1239 4291 1321 4356 ad
1354 4289 1750 4373 dauancalia,
1805 4325 1886 4335 -
1938 4292 2096 4354 dicti
2143 4291 2419 4376 operarii
2469 4325 2551 4336 -
2602 4292 2881 4356 debeant
2927 4291 3284 4356 deliberare
3333 4304 3397 4355 et
3436 4291 3543 4355 de-

661 4411 924 4492 clarare,
979 4441 1059 4452 —
1108 4408 1426 4492 quotiens,
1479 4407 1633 4492 quid
1681 4417 1744 4470 et
1791 4417 2102 4492 quantum
2150 4407 2425 4492 quilibet
2472 4407 2870 4473 dominorum
2922 4407 3254 4473 domorum
3294 4407 3539 4494 predic-

659 4533 871 4589 tarum
925 4524 1174 4589 soluere
1231 4523 1513 4588 debeant
1568 4522 1736 4587 dicte
1783 4545 1974 4608 opere
2022 4546 2137 4608 pro
2184 4534 2325 4587 rata
2369 4524 2535 4587 muri
2584 4511 3045 4609 contingentiS‚
3109 4523 3381 4609 quilibet
3424 4546 3539 4609 pro

662 4641 852 4705 domo
901 4663 1043 4723 sua3
1103 4649 1167 4703 et
1213 4639 1381 4724 quod
1432 4639 1676 4704 domini
1725 4639 2060 4705 domorum
2107 4641 2538 4727 predictarum
2590 4675 2673 4684 -—
2724 4641 3002 4705 debeant
3049 4640 3229 4724 dare,
3288 4639 3539 4705 soluere

660 4770 724 4822 et
779 4756 1115 4821 restituere
1171 4757 1523 4820 camerario
1585 4755 1754 4820 dicte
1814 4779 2004 4842 opere
2062 4791 2144 4800 —-
2207 4765 2487 4839 tantum,
2556 4791 2627 4800 -
2682 4766 2994 4841 quantum
3043 4791 3125 4800 —
3172 4778 3286 4842 per
3332 4757 3537 4819 dictos

659 4873 986 4958 operarios
1037 4907 1119 4916 -
1166 4871 1361 4937 fuerit
1407 4907 1490 4918 —
1541 4871 1965 4937 deliberatum
2012 4881 2077 4936 et
2122 4872 2519 4937 declaratum
2566 4883 2684 4936 cet.

883 4989 1010 5053 Die
1055 4989 1120 5052 X
1163 4992 1393 5052 mensis
1445 4987 1737 5052 Octubrio
1782 4985 2030 5073 (Opera
2076 4987 2179 5052 del
2223 4988 2479 5052 Duomo
2526 4988 2677 5052 filza
2723 4990 2806 5053 32
2855 5010 2915 5074 p.
2970 4983 3148 5068 17a).

880 5103 1172 5168 Antonio
1217 5103 1464 5167 Mazini
1531 5114 1595 5167 et
1664 5104 1848 5168 sotiis
1919 5125 2035 5188 pro
2094 5103 2352 5168 residuo
2409 5126 2629 5167 eorum
2683 5103 2952 5167 rationis
3002 5138 3084 5146 -—
3135 5102 3335 5167 libras
3388 5104 3534 5187 137,

659 5219 901 5286 solidos
954 5221 1036 5285 18
1085 5231 1149 5284 et
1195 5219 1494 5284 denarios
1547 5221 1622 5284 11
1675 5218 1716 5284 f.
1768 5241 1828 5304 p.
