4009 5859
2029 385 2161 474 228

657 575 721 628 et
768 563 1103 627 dumtaxat
1148 562 1488 628 ecclesiam
1537 574 1602 626 et
1648 562 1908 627 domum
1956 562 2229 627 ecclesie
2278 571 2499 627 sancte
2548 557 2791 626 Cecilie
2839 559 2918 624 de
2963 557 3297 624 Florentia
3352 581 3545 645 super

655 679 870 765 platea
917 677 1322 743 dominorum
1369 679 1673 764 priorum,
1725 679 1833 744 ubi
1883 679 2013 743 iam
2060 679 2317 764 incepta
2364 686 2428 742 et
2474 676 2741 741 fundata
2787 685 2903 760 est,
2955 689 3021 740 et
3052 675 3226 760 ipsas
3267 697 3539 756 murare,

658 793 1074 878 intonichare,
1122 793 1333 859 facere
1383 794 1589 860 uoltas
1637 795 1755 860 sub
1803 803 2040 859 terram
2088 805 2153 859 et
2200 817 2394 881 supra
2439 805 2675 858 terram
2730 803 2795 857 et
2848 792 3061 857 hostia
3101 801 3166 856 et
3206 791 3539 874 fenestras,

655 909 920 996 palchos
969 921 1033 974 et
1078 921 1282 976 tectos
1330 910 1504 976 illius
1552 911 2008 996 grossitudinis
2057 921 2121 975 et
2166 910 2527 975 altitudinis
2588 919 2651 974 et
2707 931 2854 972 cum
2899 909 3031 974 illis
3079 906 3291 972 archis
3340 917 3404 972 et
3450 907 3543 992 pi-

656 1027 892 1109 lastriS,
931 1037 1000 1090 ut
1029 1049 1144 1112 per
1177 1026 1768 1112 capudmagistrum
1793 1025 1979 1092 offitii
2014 1026 2283 1113 predicti
2312 1026 2404 1091 eis
2432 1026 2552 1090 erit
2577 1025 2838 1107 dictum,
2876 1035 3207 1088 ostensum
3235 1033 3299 1086 et
3322 1022 3543 1107 deseg-

657 1153 879 1208 natum
928 1165 1074 1207 cum
1120 1141 1550 1228 infrascriptis
1598 1143 1824 1229 pactis,
1875 1141 2105 1226 modis,
2154 1142 2375 1226 forma,
2429 1142 2795 1207 conditione
2830 1150 2894 1206 et
2924 1140 3177 1206 salariis
3211 1139 3540 1203 uidelicet:

883 1259 1210 1347 Imprimis
1259 1259 1499 1324 debent
1545 1259 1668 1345 ipsi
1717 1259 2009 1344 magistri
2059 1261 2357 1325 omnibus
2406 1283 2622 1324 eorum
2684 1258 2986 1345 expensis
3046 1256 3402 1342 magisterii
3455 1254 3545 1319 fa-

660 1401 804 1442 cere
854 1386 918 1442 et
963 1399 1217 1442 murare
1266 1375 1506 1441 dictam
1554 1376 1894 1441 ecclesiam
1943 1389 2009 1440 et
2051 1376 2312 1441 domum
2345 1377 2630 1461 ipsarum
2660 1370 2812 1458 (sic)
2846 1385 2910 1438 et
2942 1373 3146 1439 dictas
3180 1374 3389 1438 uoltas
3424 1374 3543 1438 sub

659 1504 897 1560 terram
931 1503 995 1558 et
1027 1517 1222 1581 supra
1250 1504 1507 1576 terram,
1543 1491 1964 1579 relinquendo
1997 1492 2143 1557 illos
2171 1491 2436 1575 hostiOS,
2472 1502 2710 1577 portaS,
2745 1489 3063 1556 fenestras
3092 1501 3156 1554 et
3179 1489 3541 1576 sportellos‚

660 1611 766 1696 qui
819 1621 883 1675 et
929 1633 1052 1696 que
1099 1633 1214 1696 per
1261 1609 1852 1695 capudmagistrum
1901 1609 2056 1673 dicti
2104 1608 2290 1674 offitii
2344 1609 2437 1674 eis
2492 1607 2685 1673 fuerit
2716 1608 2960 1672 dictum
2992 1618 3058 1672 et
3087 1617 3542 1688 monstratum3

659 1749 735 1792 ac
784 1727 977 1791 etiam
1024 1725 1235 1790 facere
1282 1727 1428 1791 illos
1479 1737 1683 1790 tectos
1733 1735 1798 1790 et
1843 1725 2082 1810 palcos,
2158 1725 2265 1810 qui
2327 1725 2522 1789 etiam
2580 1724 2738 1788 dicti
2798 1724 3041 1789 ostensi
3097 1733 3163 1788 et
3210 1721 3545 1806 desegnati

659 1852 845 1907 erunt
889 1864 1003 1928 per
1050 1842 1291 1907 dictum
1340 1841 1946 1927 capudmagistrum,
1997 1851 2363 1927 presentem
2411 1850 2475 1904 et
2518 1840 2821 1923 futurum,
2872 1839 3027 1904 dum
3062 1849 3280 1904 tamen
3312 1838 3543 1922 hostia,

658 1968 877 2043 portas
925 1968 990 2022 et
1033 1957 1350 2023 fenestras
1399 1968 1463 2022 et
1503 1957 1841 2042 sportellos
1882 1980 1996 2044 per
2027 1966 2389 2043 presentem
2420 1956 2807 2021 locationem
2840 1956 2919 2020 de
2951 1955 3304 2041 lignamine
3334 1955 3546 2020 facere

657 2097 792 2139 non
835 2083 1149 2138 teneatur.

881 2190 1050 2254 Item
1097 2189 1336 2255 debent
1379 2189 1620 2254 habere
1667 2213 1706 2254 a
1752 2188 1942 2254 dictis
1991 2190 2301 2276 operariis
2350 2189 2683 2272 calcinam,
2733 2211 2973 2271 renam,
3010 2187 3258 2274 lapides
3292 2196 3357 2252 et
3387 2197 3547 2251 mat·

663 2317 844 2370 tones
893 2315 957 2370 et
1001 2329 1224 2371 omnes
1271 2306 1432 2371 alias
1477 2330 1600 2390 reS,
1652 2316 2043 2393 opportunas
2093 2305 2263 2370 dicto
2304 2305 2622 2372 laborerio
2655 2307 2827 2371 iusta
2858 2305 3101 2370 dictum
3133 2304 3542 2387 laborerium,

662 2434 725 2488 et
769 2421 1017 2509 lapides
1066 2422 1490 2488 sbardellatos
1538 2422 1604 2486 in
1652 2423 1816 2506 loco,
1890 2423 1998 2508 qui
2070 2446 2197 2487 non
2272 2423 2561 2508 inpediat
2619 2418 2771 2506 (sic)
2819 2422 3023 2486 dictos
3070 2422 3414 2505 magistros
3464 2419 3545 2484 ad

663 2537 1105 2603 laborandum.
1199 2538 1287 2603 Et
1333 2539 1387 2602 si
1436 2538 1684 2624 lapides
1731 2538 1942 2604 forent
1988 2541 2055 2603 in
2102 2539 2272 2622 1000,
2348 2540 2453 2625 qui
2518 2538 2905 2625 impedirent
2950 2533 3101 2622 (sic)
3161 2538 3367 2604 dictos
3416 2563 3547 2604 ma-

665 2657 900 2741 gistros
965 2656 1046 2720 ad
1118 2654 1541 2720 laborandum
1589 2656 1825 2720 dictam
1874 2678 2163 2742 operam,
2237 2657 2541 2742 expensis
2589 2678 2781 2742 opere
2828 2657 3001 2740 ipsas
3050 2655 3289 2719 eleuari
3335 2653 3546 2720 facere

665 2772 904 2836 debent
951 2782 1016 2837 et
1060 2772 1212 2858 poni
1260 2771 1430 2836 iusta
1478 2772 1720 2836 dictum
1751 2772 2160 2856 laborerium,
2197 2773 2307 2837 ubi
2342 2773 2563 2838 uolent
2595 2771 2750 2837 dicti
2782 2772 3091 2856 magistri,
3144 2771 3297 2836 dum
3329 2780 3547 2836 tamen

663 2910 803 2971 eaS‚
877 2910 1035 2973 quas
1084 2889 1210 2973 ipsi
1255 2887 1548 2972 magistri
1595 2888 1749 2974 poni
1795 2887 2059 2973 facient,
2120 2911 2189 2953 se
2252 2889 2425 2974 ipsos
2481 2886 2870 2974 inpedirent,
2930 2888 3055 2974 ipsi
3104 2888 3343 2953 elauari
3393 2883 3545 2971 (sic)

661 3002 873 3068 facere
921 3013 1261 3067 teneantur
1307 3025 1529 3068 eorum
1575 3004 1898 3090 expensis.

885 3119 1147 3183 Debent
1213 3119 1367 3183 dicti
1429 3121 1703 3206 operarii
1760 3121 1910 3185 dare
1967 3133 2031 3186 et
2091 3120 2227 3186 dari
2284 3122 2493 3186 facere
2536 3120 2726 3186 dictis
2774 3120 3102 3205 magist-ris
3152 3120 3231 3185 de
3279 3119 3543 3184 brachio

663 3234 952 3320 quolibet
1007 3235 1173 3299 muri
1231 3235 1440 3320 grossi
1497 3245 1629 3301 tam
1688 3236 1913 3302 domus
1973 3260 2165 3324 quam
2214 3238 2514 3303 ecclesie:
2574 3237 2823 3302 brachii
2886 3237 3072 3302 unius
3130 3247 3211 3320 et,
3275 3239 3331 3302 si
3378 3237 3547 3301 ultra

663 3351 948 3435 grossior
995 3361 1183 3434 esset,
1232 3349 1454 3416 reduci
1501 3351 1582 3416 ad
1631 3352 1965 3418 brachium
2013 3354 2329 3440 quadrum
2375 3364 2457 3438 et,
2508 3355 2562 3419 si
2610 3355 2823 3419 minus
2870 3352 3053 3436 foret,
3113 3352 3544 3418 mensurando

663 3489 776 3552 per
831 3467 1062 3531 faciem
1119 3477 1182 3532 et
1237 3491 1607 3534 mensurare
1667 3492 1855 3534 omne
1928 3493 2164 3536 uanum
2220 3493 2334 3556 pro
2389 3470 2597 3556 plen0,
2680 3471 3023 3535 rizzaffatis
3095 3471 3287 3536 dictis
3342 3471 3545 3535 muris

665 3585 837 3648 intus
887 3587 972 3649 et'
993 3594 1193 3670 extra,
1246 3585 1462 3650 soldos
1504 3595 1654 3668 treS,
1707 3585 2008 3652 denarios
2046 3587 2269 3652 decem
2299 3586 2343 3652 f.
2380 3610 2461 3673 p.,
2500 3587 2579 3652 de
2609 3589 2938 3654 maisterio
2989 3588 3323 3652 dumtaxat
3355 3598 3419 3652 et
3450 3589 3546 3654 sic

663 3699 904 3765 habere
953 3699 1190 3764 debent
1236 3698 1392 3765 dicti
1439 3703 1752 3786 magistri.

885 3816 1053 3881 Item
1099 3815 1336 3882 habere
1385 3817 1622 3882 debent
1671 3817 1825 3882 dicti
1872 3819 2163 3904 magistri
2213 3819 2292 3884 de
2335 3819 2623 3904 quolibet
2666 3820 2929 3885 brachio
2964 3821 3301 3903 uoltarum,
3352 3844 3547 3907 supra

665 3942 902 3997 terram
961 3943 1500 3999 amattonatarum
1547 3945 1611 3998 et
1656 3934 2228 4018 intonichatarum,
2302 3935 2381 4000 de
2450 3937 2774 4001 maisterio
2834 3937 3041 4001 solum
3099 3948 3166 4001 et
3213 3937 3549 4002 dumtaxat

665 4047 906 4113 solidos
953 4049 994 4113 6
1025 4047 1067 4112 f.
1105 4070 1165 4134 p.
2141 4121 2149 4128 ,

885 4164 1052 4230 Item
1097 4164 1336 4229 habere
1385 4164 1622 4230 debent
1669 4165 1825 4230 dicti
1873 4167 2165 4252 magistri
2213 4167 2291 4232 de
2340 4179 2403 4233 et
2433 4191 2548 4254 pro
2582 4169 2870 4254 quolibet
2902 4169 3165 4235 brachio
3202 4169 3540 4254 uoltarum,

665 4280 886 4345 subter
931 4289 1168 4344 terram
1215 4291 1754 4346 amattonatarum
1802 4293 1865 4347 et
1909 4282 2476 4368 intonichatarum,
2537 4285 2745 4350 solum
2801 4285 2879 4350 de
2926 4287 3252 4352 maisterio
3302 4285 3543 4352 solidos

665 4399 706 4460 ὃ
752 4395 796 4460 f.
833 4419 915 4481 p.,
966 4406 1029 4459 et
1077 4396 1132 4460 si
1179 4407 1443 4481 equaret
1489 4420 1725 4482 murOS,
1775 4398 2096 4463 refondari
2146 4401 2227 4464 ab
2275 4401 2490 4486 aliqua
2520 4411 2701 4485 parte
2745 4399 2899 4466 dicti
2932 4404 3206 4488 operarii
3238 4404 3544 4490 expensis

666 4534 856 4597 opere
901 4511 1112 4576 facere
1161 4520 1500 4576 teneantur
1547 4523 1610 4577 et
1657 4513 1954 4580 similiter
2001 4517 2217 4580 cauari
2277 4526 2340 4580 et
2384 4517 2625 4602 portari
2673 4515 2883 4583 facere
2932 4533 3275 4604 terrenum,
3336 4531 3405 4584 ut
3454 4520 3542 4584 ui-

668 4627 923 4692 debitur
969 4628 1297 4713 operariis,
1349 4630 1651 4715 expensis
1700 4654 1910 4717 opere.

888 4741 1053 4807 Item
1122 4742 1360 4810 habere
1431 4745 1670 4811 debent
1739 4746 1817 4810 de
1889 4759 1951 4812 et
2004 4772 2119 4835 pro
2176 4748 2463 4833 quolibet
2520 4748 2783 4814 brachio
2833 4774 3158 4816 murorum
3206 4751 3542 4815 subtilium

665 4867 1020 4922 mattonum
1069 4882 1263 4945 supra
1306 4873 1665 4927 mattonum
1696 4858 1866 4947 (sic),
1919 4862 2456 4930 intonichatorum
2504 4867 2679 4932 intus
2728 4875 2793 4930 et
2838 4877 3036 4949 extra,
3089 4865 3168 4929 de
3214 4867 3541 4932 maisterio

669 4973 1004 5039 dumtaxat
1050 4975 1291 5040 solidos
1340 4977 1400 5059 2,
1454 4977 1751 5045 denarios
1800 4981 1840 5045 2
1887 4979 1929 5044 f.
1965 5002 2027 5065 p.

767 5081 775 5088 ’
887 5091 1052 5156 Item
1123 5091 1361 5157 habere
1409 5093 1669 5162 ‚debent
1736 5119 1847 5181 pro
1905 5097 2152 5180 palchis
2210 5107 2274 5162 et
2330 5097 2516 5162 tectis
2576 5097 2801 5162 domus
2856 5098 3143 5184 predicte
3204 5098 3543 5183 legnamen

665 5217 1113 5292 opportunum,
1165 5219 1235 5272 ut
1279 5209 1602 5276 uidebitur
1641 5213 1911 5299 operarii
1957 5209 2082 5296 (sic
2112 5213 2215 5278 fiir
2246 5195 2604 5301 operariis),
2656 5223 2945 5300 segatum
2976 5226 3039 5279 et
3070 5214 3543 5302 spiallaciatum
