4009 5859
2072 399 2201 464 272

919 575 1271 641 Laurentio
1318 574 1560 664 Filippi
1609 571 1693 660 (a.
1730 600 1786 640 a.
1823 575 1901 642 Ο.
1951 598 2013 662 p.
2051 578 2129 641 31
2151 573 2238 659 b),
2290 577 2808 663 capudmagistro
2857 576 3013 641 dicti
3063 579 3275 665 operis
3324 601 3438 643 seu
3480 579 3571 643 fa-

695 692 872 757 brice
919 692 1108 778 logie,
1159 715 1274 778 pro
1323 717 1440 758 suo
1485 693 1718 758 salario
1754 692 2073 758 dictorum
2105 692 2376 759 duorum
2405 694 2724 759 mensium
2756 693 3174 778 (Nouembris
3208 705 3271 760 et
3301 694 3572 761 Decem-

694 803 861 892 bris)
908 843 992 853 —
1041 810 1317 874 florenos
1371 813 1452 875 13
1501 812 1659 875 auri.

919 925 1087 990 Item
1133 922 1220 1010 (a.
1256 951 1312 992 a.
1349 925 1429 992 Ο.
1465 951 1525 1013 p.
1562 930 1646 993 32
1661 923 1724 1011 a)
1773 928 1971 992 simili
2020 927 2209 993 modo
2258 938 2323 993 et
2367 930 2575 994 forma
2618 929 2850 1016 prefati
2898 931 3190 1017 operarii,
3243 928 3573 995 attenden-

699 1052 797 1108 tes
846 1043 1193 1108 utilitatem
1239 1045 1452 1131 operis
1501 1054 1565 1108 et
1610 1046 2096 1110 considerantes
2147 1047 2476 1130 uirtutem,
2536 1047 3014 1130 sufficientiam,
3074 1046 3468 1132 legalitatem
3512 1057 3577 1110 et

699 1161 1205 1227 sollicitudinem
1274 1161 1830 1248 infrascriptorum
1897 1185 2003 1226 ser
2046 1161 2251 1226 Rome
2300 1172 2366 1227 et
2407 1161 2774 1248 Laurentii,
2827 1187 3021 1250 quam
3066 1164 3309 1230 habent
3356 1172 3419 1230 et
3465 1163 3574 1228 ha·

696 1281 976 1345 buerunt
1029 1280 1202 1344 circa
1255 1302 1415 1366 opus
1474 1290 1538 1345 et
1584 1303 1699 1345 seu
1749 1279 2113 1345 fabbricam
2158 1279 2390 1366 loggie,
2441 1315 2524 1324 —
2575 1281 2904 1366 elegerunt
2950 1303 3053 1346 ser
3098 1280 3371 1347 Romam
3418 1279 3575 1345 Bar-

699 1396 842 1481 toli,
914 1397 1238 1460 notarium
1284 1395 1756 1480 Florentinum,
1830 1397 1901 1462 in
1953 1397 2278 1462 notarium
2347 1405 2412 1461 et
2455 1398 2855 1484 prouisorem
2904 1397 3060 1463 dicti
3106 1399 3319 1485 operis
3364 1397 3577 1483 loggie

701 1520 765 1577 et
807 1511 1233 1578 Laurentium
1278 1511 1541 1600 Filippi,
1591 1513 1972 1599 magistrum
2019 1513 2307 1600 lapidum
2351 1511 2821 1598 Florentinum,
2872 1515 2939 1578 in
2989 1514 3578 1601 capudmagistrum

702 1627 857 1694 dicti
890 1630 1102 1715 operis
1133 1630 1346 1715 loggie
1379 1630 1662 1695 antefate
1708 1652 1824 1717 pro
1873 1639 2159 1716 tempore
2206 1639 2271 1694 et
2293 1631 2569 1695 termino
2600 1631 2791 1696 unius
2826 1631 2998 1715 anni,
3034 1631 3329 1718 proxime
3358 1630 3575 1714 futuri,

704 1781 785 1790 —
834 1769 950 1832 pro
999 1745 1234 1811 salario
1284 1770 1388 1811 ser
1419 1746 1626 1812 Rome
1673 1749 1714 1812 6
1748 1747 1886 1812 auri
1931 1747 2236 1830 florenos3
2287 1745 2640 1812 Laurentio
2678 1747 2921 1834 Filippi
2961 1743 3079 1832 6¹¹&
3107 1748 3385 1814 florenos
3418 1747 3576 1812 auri.

925 1912 1039 1979 58.
1111 1917 1242 1981 Die
1289 1931 1510 1981 octauo
1557 1919 1786 1980 mensis
1833 1916 2066 1981 Asartii
2109 1923 2282 1980 1380
2302 1911 2445 2000 (81)
2493 1912 2577 2001 (a.
2615 1940 2671 1981 a.
2707 1915 2787 1982 Ο.
2822 1916 2971 1981 filza
3004 1918 3087 1980 14
3132 1940 3193 2002 p.
3234 1911 3411 2000 13a).

923 2048 1277 2114 Laurentio
1318 2049 1579 2136 Filippi,
1631 2049 2153 2136 capudmagistro
2204 2050 2357 2114 dicti
2407 2051 2617 2136 operis
2666 2059 2731 2115 et
2776 2073 2891 2115 seu
2936 2049 3179 2115 fabrice
3227 2048 3414 2134 logie,
3463 2071 3579 2136 pro

703 2189 820 2230 suo
876 2165 1112 2230 salario
1169 2174 1233 2230 et
1283 2166 1580 2230 mercede
1637 2167 1954 2230 dictorum
2013 2165 2285 2230 duorum
2340 2167 2659 2231 mensium
2714 2162 3039 2251 (Januarii
3096 2175 3161 2230 et
3214 2160 3581 2249 Februarii)

703 2281 788 2346 ad
832 2283 1150 2347 rationem
1195 2283 1586 2347 florenorum
1632 2305 1747 2348 sex
1779 2283 1918 2346 auri
1952 2305 2099 2347 cum
2130 2281 2398 2347 dimidio
2432 2282 2697 2347 alterius
2730 2283 2956 2347 floreni
2989 2282 3267 2348 florenos
3305 2283 3387 2347 13
3418 2282 3578 2346 auri.

927 2450 1043 2516 59.
1115 2452 1246 2516 Die
1291 2452 1421 2516 XX
1444 2452 1654 2519 VIIII
1689 2456 1917 2518 mamis
1961 2454 2219 2540 Aprilis
2264 2449 2349 2537 (a.
2385 2477 2442 2518 a.
2478 2452 2557 2519 Ο.
2606 2477 2668 2540 p.
2707 2448 2893 2537 19b).

927 2586 1281 2652 Laurentio
1313 2585 1574 2673 Filippi,
1626 2586 2146 2674 capudmagistro
2195 2587 2351 2652 dicti
2399 2589 2612 2673 operis
2659 2588 2848 2673 logie,
2898 2611 3013 2673 pro
3062 2587 3200 2652 eius
3250 2587 3482 2652 salario
3519 2595 3584 2653 et

707 2701 1000 2766 mercede
1049 2701 1367 2766 dictorum
1414 2703 1683 2768 duorum
1730 2704 2051 2769 mensium
2099 2701 2347 2788 (Martii
2396 2713 2461 2768 et
2506 2699 2785 2790 Aprilis)
2838 2739 2913 2748 -
2964 2705 3241 2769 florenos
3293 2705 3375 2770 13
3423 2703 3584 2768 auri.²

933 2871 1056 2937 60.
1131 2875 1260 2939 Die
1319 2873 1459 2939 VII
1491 2875 1682 2940 Junii
1725 2871 1809 2959 (a.
1845 2899 1901 2940 a.
1938 2874 2017 2941 Ο.
2068 2899 2134 2961 Ρ..
2166 2871 2351 2960 24a).

928 3007 1096 3073 Item
1145 3042 1228 3052 -
1278 3007 1815 3093 deliberauerunt,
1868 3009 2038 3096 quod
2083 3009 2474 3074 Laurentius
2516 3009 2778 3096 Filippi,
2832 3008 3347 3095 capudmagister
3394 3007 3579 3092 logie,

707 3123 914 3210 possit
969 3132 1034 3189 et
1087 3124 1302 3189 ualeat
1357 3126 1620 3190 mictere
1666 3128 1708 3191 4
1740 3127 2085 3211 magistros
2146 3125 2487 3212 scharpelli
2546 3126 2627 3190 ad
2673 3125 3102 3191 laborandum
3148 3126 3218 3189 in
3261 3124 3581 3190 laborerio

710 3239 878 3305 dicte
925 3240 1097 3326 logie
1143 3265 1258 3328 per
1305 3251 1509 3306 totum
1555 3252 1920 3328 presentem
1967 3265 2258 3309 mensem
2306 3252 2371 3307 et
2416 3267 2549 3308 non
2596 3243 2782 3308 ultra.

933 3409 1043 3476 61.
1115 3413 1244 3477 Die
1288 3413 1422 3477 XX
1440 3413 1538 3479 VI
1573 3418 1801 3479 mensis
1846 3415 2038 3479 Junii
2078 3409 2164 3498 (a.
2202 3439 2254 3480 a.
2293 3414 2373 3481 Ο.
2422 3439 2483 3500 p.
2520 3409 2707 3498 26b).

930 3547 1282 3611 Laurentio
1313 3546 1575 3634 Filippi,
1626 3549 2147 3635 capudmagistro
2198 3549 2353 3614 dicti
2402 3550 2613 3635 operis
2661 3549 2849 3634 logie,
2897 3570 3013 3634 pro
3062 3547 3199 3610 eius
3249 3545 3483 3610 salario
3521 3553 3587 3608 et

713 3662 1006 3727 mercede
1054 3662 1372 3728 dictorum
1420 3664 1691 3729 duorum
1737 3666 2059 3731 mensium
2106 3663 2294 3751 (Maii
2344 3675 2407 3730 et
2452 3663 2664 3746 Junii)
2718 3701 2794 3709 —
2844 3664 3123 3728 florenos
3176 3663 3257 3728 13
3306 3661 3464 3725 auri.

936 3831 1052 3897 62.
1123 3834 1254 3898 Die
1299 3837 1560 3920 septi-mo
1608 3837 1841 3900 Martii
1885 3843 2053 3900 1381
2076 3832 2238 3920 (82),
2287 3838 2631 3900 indictione
2668 3829 2948 3920 quinta¹)
2995 3827 3081 3916 (a.
3117 3855 3171 3896 a.
3208 3829 3287 3896 Ο.
3321 3831 3469 3895 filza
3502 3830 3586 3894 15

717 3971 778 4035 p.
831 3944 969 4033 7a).

935 4084 1104 4150 Item
1157 4121 1232 4164 7-
1285 4086 1560 4171 operarii
1609 4127 1694 4135 —
1743 4085 2281 4168 deliberauerunt,
2332 4085 2503 4171 quod
2551 4107 2774 4149 omnes
2822 4091 2886 4147 et
2926 4081 3165 4168 singuli
3198 4080 3490 4165 magistri
3524 4087 3589 4142 et

715 4203 1115 4286 manoualeS,
1168 4203 1278 4288 qui
1325 4203 1622 4267 laborant
1669 4202 1750 4266 ad
1798 4225 1958 4289 opus
2010 4203 2279 4267 ecclesie
2328 4209 2547 4266 sancte
2593 4199 2914 4287 Reparate
2960 4208 3025 4262 et
3070 4197 3152 4260 ad
3197 4196 3441 4260 lodiam
3487 4217 3587 4259 co-

713 4320 954 4402 munis,
1028 4320 1371 4384 dimictant
1427 4342 1687 4405 operam
1755 4320 2047 4404 quolibet
2094 4318 2196 4384 die
2246 4318 2324 4382 de
2373 4314 2742 4400 seeund02),
2792 4315 2954 4380 hora
3000 4314 3317 4400 uigesima
3362 4321 3591 4399 quarta

717 4443 780 4500 et
833 4459 964 4500 non
1017 4436 1196 4520 prius
1211 4487 1227 4518 ,
1291 4444 1354 4500 et
1401 4435 1572 4521 quod
1619 4443 1774 4499 tunc
1819 4434 2111 4521 pulsetur
2154 4435 2224 4499 in
2270 4434 2560 4519 quolibet
2606 4432 3041 4518 predictorum
3086 4430 3372 4496 locorum
3419 4451 3588 4492 cam-

715 4551 972 4638 panella
1017 4575 1132 4638 pro
1180 4551 1474 4617 exeundo
1522 4559 1586 4616 et
1631 4575 1762 4616 non
1811 4562 2019 4616 antea.

939 4721 1054 4786 63.
1127 4722 1257 4786 Die
1303 4729 1386 4785 14
1433 4727 1662 4787 mensis
1711 4724 1942 4787 Martii
1984 4717 2071 4804 (a.
2108 4745 2163 4784 a.
2199 4718 2278 4785 Ο.
2329 4742 2389 4805 p.
2426 4715 2569 4802 Sa).

938 4856 1290 4922 Laurentio
1336 4854 1608 4942 Filippi,
1669 4855 1872 4920 electo
1927 4856 1996 4918 in
2048 4854 2623 4940 caputmagistrum
2668 4853 2839 4918 lodie
2885 4853 3094 4938 platee
3143 4851 3429 4936 priorum
3475 4873 3590 4936 pro

719 4985 1006 5059 tempore
1077 4974 1266 5038 unius
1337 4973 1517 5055 anni,
1587 4972 1828 5037 initiati
1899 4971 2002 5035 die
2050 4971 2257 5057 primo
2304 4969 2641 5034 Februarii
2686 4963 3392 5051 MCCCLXXX(81)‚
3445 4987 3589 5030 cum

717 5109 779 5116 *-

901 5168 941 5234 ¹)
977 5164 1110 5219 Hier
1149 5165 1268 5219 eine
1303 5163 1488 5218 Liicke
1523 5182 1648 5217 vom
1689 5165 1734 5218 1.
1763 5161 1878 5215 Juli
1922 5164 2059 5217 1381
2099 5163 2183 5216 bis
2226 5165 2274 5217 1.
2302 5161 2509 5215 «Ianuar
2549 5162 2704 5215 1382.

901 5255 944 5324 2>
981 5254 1065 5309 De
1105 5252 1362 5322 secundO,
1403 5251 1456 5308 d.
1484 5252 1534 5309 h.
1575 5253 1716 5306 beim
1757 5251 1976 5306 zweiten
2021 5249 2469 5321 Glockenschlag.
