4009 5859
1711 519 1746 524 -„
1780 431 1905 494 133

401 633 511 674 suo
559 632 805 691 nonne,
880 608 1074 694 padre
1124 609 1227 672 del
1275 608 1563 692 genitore
1612 607 1713 670 del
1764 606 2072 689 donante,
2144 629 2305 670 avea
2358 606 2506 671 dato
2567 607 2634 670 in
2681 629 2917 691 pegn0,
2991 604 3107 668 che
3167 627 3276 668 era

400 735 580 812 posta
624 723 801 790 nella
846 725 1005 788 citta
1052 724 1117 788 di
1166 723 1463 804 Firenze3
1514 723 1687 808 quali
1736 723 1907 805 beni,
1960 721 2310 786 donandoli
2359 721 2420 784 al
2455 721 2628 785 detto
2677 720 2876 785 altare
2909 755 2991 764 —
3027 720 3073 784 li
3107 743 3272 806 pone

400 850 561 905 sotto
608 840 674 904 la
724 839 929 904 difesa
977 839 1079 903 del
1136 849 1439 927 proposto
1497 840 1667 904 della
1712 840 1965 923 regolar
2025 839 2336 903 canonica
2381 836 2758 902 Fiorentina
2813 859 2929 922 per
2983 837 3272 921 disporre

400 956 500 1020 dei
544 956 725 1020 frutti
772 979 807 1020 e
865 956 1178 1042 spendere
1226 979 1341 1042 per
1387 956 1408 1020 i
1456 956 1675 1042 poveri
1724 977 1757 1020 e
1806 954 2158 1040 pelligrini,
2223 954 2340 1017 0119
2395 955 2712 1017 venivano
2759 953 2929 1016 nello
2977 948 3273 1036 Spedale,

398 1071 718 1155 ordinatO,
794 1071 1113 1135 destinato
1160 1094 1194 1134 e
1242 1074 1613 1136 comi-nciam
1683 1094 1721 1136 a
1782 1071 1873 1134 tal
1928 1071 2146 1134 effetto
2215 1071 2282 1134 in
2331 1069 2598 1134 Firenze
2656 1091 2878 1154 presso
2924 1068 2990 1132 la
3057 1067 3278 1131 chiesa

400 1187 464 1251 di
510 1183 643 1252 San
694 1185 1023 1251 Giovanni
1072 1187 1374 1269 Battista,
1448 1209 1567 1252 con
1616 1187 2016 1274 proibizione
2088 1186 2154 1251 di
2199 1186 2334 1250 fare
2403 1185 2566 1250 altro
2616 1207 2730 1248 uso
2788 1183 2891 1247 dei
2939 1183 3078 1248 suoi
3126 1183 3274 1246 beni

401 1303 633 1386 donati,
704 1302 970 1367 fuorche
1038 1327 1151 1389 per
1198 1304 1564 1389 migliorare
1612 1303 1787 1368 detto
1834 1300 2130 1388 Spedale,
2204 1302 2332 1366 alla
2377 1324 2545 1388 pena
2608 1301 2778 1366 della
2823 1301 3192 1365 recaducita
3239 1323 3278 1364 a

396 1419 609 1484 favore
669 1420 774 1484 dei
823 1419 963 1484 suoi
1019 1421 1272 1506 parenti
1334 1444 1367 1484 e
1424 1421 1801 1485 successori.
1897 1419 2087 1484 Fatto
2147 1419 2216 1483 in
2275 1417 2574 1499 Firenze3
2636 1427 2858 1504 rogato
2915 1417 3272 1500 FlorenziO,

397 1545 637 1602 notarO.

618 1733 683 1798 2.
756 1735 1113 1799 Bullettone
1157 1758 1252 1799 nr.
1293 1737 1439 1799 103.

617 1901 915 1982 Qualiter
936 1902 1407 1968 Monasterium
1440 1904 1645 1967 sancti
1670 1903 1965 1967 Miniatis
1992 1903 2074 1967 ad
2098 1903 2385 1968 Mentem
2413 1903 2750 1968 fundatum
2777 1913 2839 1968 et
2862 1903 3279 1967 hedificatum

402 2019 535 2083 siue
581 2030 950 2105 reparatum
994 2019 1117 2084 fuit
1163 2021 1244 2084 ab
1292 2020 1593 2105 episcopo
1626 2019 2019 2084 Ildebrando
2059 2019 2112 2082 F
2115 2020 2455 2102 lorentin0,
2507 2029 2571 2083 et
2617 2019 2890 2105 qualiter
2937 2019 3276 2105 episcopus

399 2134 567 2200 idem
618 2135 891 2200 contulit
937 2136 995 2198 ei
1050 2134 1237 2221 plura
1303 2136 1447 2199 iura
1516 2146 1580 2199 et
1633 2137 1804 2200 bona
1871 2147 1935 2199 et
1980 2137 2151 2199 inter
2218 2136 2345 2200 alia
2392 2145 2672 2200 castrum
2727 2135 2804 2200 de
2853 2135 3076 2200 Monte
3122 2135 3280 2199 Alto

396 2253 513 2317 sub
546 2251 899 2316 Millesimo
924 2251 1119 2334 XIII,
1170 2252 1394 2337 quinto
1441 2251 1752 2316 kalendas
1787 2253 1959 2334 maii,
2013 2251 2368 2316 indictione
2406 2253 2435 2314 1
2475 2249 2615 2335 (sie,
2664 2251 2768 2316 fiir
2800 2247 2938 2334 11);
2991 2261 3054 2314 et
3086 2251 3276 2316 etiam

396 2367 668 2453 qualiter
716 2367 1054 2452 episcopus
1102 2365 1517 2431 Florentinus
1565 2367 1748 2452 ponit
1793 2368 1882 2431 ibi
1933 2368 2228 2432 Abbates
2277 2378 2340 2432 et
2386 2367 2734 2432 monachos
2783 2378 2847 2432 et
2893 2368 3279 2432 camerarios

396 2493 458 2547 et
504 2484 809 2549 sacristas
867 2493 931 2546 et
978 2491 1076 2547 est
1122 2483 1325 2568 ipsius
1374 2483 1748 2547 monasterii
1798 2483 2026 2546 unicus
2076 2483 2373 2548 dominus
2422 2493 2486 2547 et
2532 2493 2857 2569 patronus,
2921 2483 2998 2546 de
3047 2483 3280 2568 quibus

398 2599 697 2663 omnibus
770 2597 966 2663 habet
1034 2587 1443 2685 episcopatus
1502 2621 1692 2684 quam
1754 2600 1937 2684 plura
1992 2600 2420 2664 instrumenta
2477 2601 2765 2686 antiqua,
2838 2622 3008 2664 noua
3063 2608 3126 2662 et
3171 2621 3281 2663 no-

402 2715 668 2780 uissima
715 2737 906 2802 super
960 2715 1370 2801 possessione
1421 2715 1575 2779 dicti
1622 2715 1800 2780 Juris
1850 2726 1913 2780 et
1960 2725 2112 2780 sunt
2156 2717 2225 2780 in
2272 2740 2399 2780 uno
2448 2715 2702 2780 sacculo
2760 2716 2971 2800 posita
3026 2737 3140 2801 per
3188 2738 3278 2779 se.

618 2926 684 2992 3.
758 2929 1112 2995 Bullettone
1156 2927 1253 3016 (p.
1288 2929 1459 3009 32a)
1506 2953 1605 2995 nr.
1642 2929 1899 2996 XVIII.

620 3096 917 3177 Qualiter
964 3099 1261 3165 dominus
1308 3100 1660 3184 JohanneS,
1733 3103 2072 3188 episcopus
2119 3101 2560 3184 Florentinus,
2633 3101 2786 3166 fecit
2831 3101 3048 3187 aliqua
3093 3111 3282 3187 pacta

401 3225 464 3278 et
510 3216 972 3279 conuentiones
1021 3239 1167 3280 cum
1212 3218 1677 3282 mercatoribus
1712 3218 1893 3282 callis
1927 3217 2095 3282 male
2130 3218 2207 3281 de
2241 3241 2431 3302 opere
2466 3219 2669 3282 sancti
2702 3217 3054 3298 Johannis3
3105 3228 3283 3281 carta

403 3353 600 3395 manu
659 3329 965 3416 Phylippi
1027 3330 1302 3396 condam
1356 3332 1695 3396 Bonacolti
1756 3333 1831 3396 de
1885 3331 2217 3416 Marcella,
2291 3333 2552 3415 notarii,
2626 3333 2746 3396 sub
2814 3334 3002 3415 1216,
3077 3332 3281 3418 pridie

402 3445 738 3511 kallendas
784 3446 1201 3532 Decembres,
1252 3447 1602 3513 indictione
1651 3450 1711 3513 ὃ.

626 3659 692 3725 4.
770 3663 1069 3729 Arc-bivio
1120 3665 1481 3750 Capitolare
1526 3687 1623 3727 nr.
1663 3671 1811 3728 651.
1891 3687 2060 3730 anno
2096 3673 2290 3731 1275.

621 3832 702 3896 In
749 3831 877 3896 Dei
909 3833 1169 3898 nomine
1204 3857 1410 3898 amen.
1494 3837 1683 3918 1274,
1734 3836 2088 3900 indictione
2122 3839 2180 3920 3,
2233 3839 2645 3923 pontificatus
2680 3838 2922 3902 domini
2959 3837 3277 3923 Gregorii,

401 3971 564 4034 pape
612 3949 864 4032 decimi,
918 3972 1086 4014 anno
1135 3952 1203 4031 43
1275 3951 1683 4037 infrascripte
1746 3963 1895 4016 sunt
1950 3953 2305 4018 solutiones
2365 3965 2429 4018 et
2487 3955 2732 4019 decime
2792 3955 3065 4019 subsidii
3113 3965 3280 4019 terre

403 4073 605 4146 sante,
640 4063 807 4128 facte
836 4065 1113 4129 dominis
1142 4065 1469 4148 Tribaldo,
1507 4067 2044 4153 archipresbitero
2069 4067 2465 4152 Florentino,
2503 4080 2565 4133 et
2589 4070 2942 4156 presbitero
2970 4069 3276 4152 Tebaldo,

402 4181 635 4243 rectori
684 4179 955 4244 ecclesie
1002 4181 1211 4245 sancti
1242 4181 1524 4267 Remigii
1572 4182 1649 4246 de
1682 4182 2031 4266 Florentia,
2084 4185 2532 4251 collectoribus
2569 4185 2960 4249 decimarum
2993 4187 3278 4250 omnium

402 4295 981 4360 ecclesiasticorum
1030 4297 1391 4361 reddituum
1450 4309 1514 4362 et
1568 4309 1991 4383 prouentuum
2049 4323 2164 4386 pro
2223 4301 2512 4364 subsidio
2569 4310 2736 4364 terre
2785 4311 2968 4364 sante
3015 4302 3097 4365 ab
3147 4324 3278 4363 om-

401 4411 593 4474 nibus
641 4411 1071 4494 monasteriiS,
1146 4412 1436 4477 ecclesiis
1486 4424 1549 4477 et
1595 4416 1889 4499 personis
1948 4415 2406 4479 ecclesiasticis
2463 4440 2594 4480 non
2644 4416 2979 4501 exemptiS,
3028 4417 3094 4480 in
3143 4424 3279 4480 tota

402 4525 662 4590 ciuitate
710 4535 775 4590 et
822 4527 1061 4591 diocesi
1109 4527 1488 4592 Florentina
1532 4552 1647 4615 pro
1695 4530 1903 4616 prima
1949 4553 2116 4616 paga
2164 4530 2436 4614 decime,
2509 4531 2836 4595 nominate
2884 4531 3074 4616 primi
3123 4532 3278 4595 anni

400 4639 605 4726 ipsius
657 4641 923 4724 decime,
976 4642 1223 4707 scilicet
1269 4668 1383 4730 pro
1432 4645 1775 4709 medietate
1824 4646 2070 4710 decime
2115 4647 2316 4730 ipsius
2365 4647 2558 4732 primi
2591 4647 2764 4728 anni,
2824 4648 3080 4732 incepto
3127 4643 3274 4729 (sic)

401 4756 470 4820 in
516 4757 811 4843 proximo
880 4757 1044 4822 festo
1115 4769 1438 4824 transacto
1502 4761 1676 4826 beati
1747 4761 2072 4826 «Iohannis
2119 4761 2395 4844 Batiste,
2470 4762 2789 4847 deputatis
2839 4785 2878 4826 a
2922 4762 3277 4826 uenerabili

404 4872 542 4935 uiro
592 4873 851 4937 domino
899 4873 1240 4960 Alcampo,
1312 4878 1639 4962 preposito
1688 4876 2018 4960 Pratensi,
2091 4876 2467 4962 cappellano
2517 4877 2852 4941 reuerendi
2909 4879 3109 4963 patris
3170 4877 3276 4941 do-

404 4989 561 5052 mini
596 4984 961 5054 Octobuoni
1008 4992 1215 5055 sancti
1246 4992 1525 5056 Adriani
1574 4992 1874 5057 diachoni
1923 4992 2288 5074 cardinalis,
2339 4993 2408 5056 in
2451 4992 2740 5077 partibus
2775 4990 3006 5056 Tuscie
3047 5003 3110 5056 et
3138 4992 3276 5056 Ma-

402 5127 642 5167 remme
714 5127 905 5190 super
973 5105 1239 5170 decimis
1312 5107 1691 5192 colligendis
1762 5109 2050 5172 omnium
2125 5107 2712 5173 ecclesiasticorum
2779 5108 3144 5172 reddituum
3215 5119 3280 5172 et

404 5227 829 5304 prouentuum
875 5244 990 5307 pro
1038 5222 1329 5287 subsidio
1378 5223 1700 5288 antedicto
1748 5224 1993 5309 nuntio,
2046 5247 2085 5287 a
2129 5223 2281 5287 sede
2329 5222 2683 5310 apostolica
2730 5222 3052 5312 deputato,
