4009 5859
2061 385 2192 450 268

901 563 1017 630 36.
1089 566 1219 630 Die
1262 565 1442 631 XVI
1481 566 1842 630 Decembris
1887 560 1972 647 (a.
2010 587 2067 628 a.
2103 561 2181 628 O.
2232 586 2293 648 p.
2334 566 2415 628 19
2432 587 2488 627 a.
2514 560 2609 646 f.).

903 700 1026 764 Bei
1081 699 1196 764 der
1240 699 1492 785 Loggia
1538 698 1686 763 sind
1732 693 1948 782 51s53
1996 698 2292 782 magistri
2337 697 2471 761 und
2518 696 2892 762 manovales
2941 696 3360 781 beschaftigt3
3420 695 3561 760 dar-

681 825 869 881 unter
911 815 1303 880 Laurentius
1347 813 1634 900 Philippi
1685 814 1804 878 mit
1851 814 1934 880 18
1981 809 2165 878 Soldi
2212 812 2473 898 tiiglioh.

904 931 1114 997 Unter
1161 931 1287 996 den
1332 933 1418 996 95
1465 930 1774 1016 magistri,
1827 930 1930 994 die
1979 929 2227 994 damals
2272 929 2470 994 bei'm
2516 928 2687 994 Dom
2735 929 2944 1015 thatig
2987 952 3231 1012 waren,
3278 927 3566 993 befindet

682 1049 821 1114 sich
867 1049 1195 1113 Antonius
1244 1047 1466 1112 Puocii
1513 1049 1633 1111 mit
1679 1049 1764 1112 14
1813 1043 1994 1112 Soldi
2042 1046 2304 1130 taglich.

906 1216 1011 1283 37.
1081 1219 1272 1282 Anno
1323 1224 1519 1300 1378,
1569 1217 1672 1281 die
1720 1223 1760 1281 6
1806 1220 2037 1281 mensio
2082 1211 2305 1300 Julii1)
2352 1210 2437 1300 (a.
2474 1241 2531 1281 a.
2567 1216 2647 1282 O.
2697 1217 2846 1280 filza
2890 1217 2931 1280 9
2979 1238 3042 1302 p.
3079 1212 3216 1298 3a).

907 1350 1206 1438 Operarii
1255 1390 1337 1400 —
1387 1351 1719 1436 elegerunt
1761 1351 2084 1416 Jacobum
2128 1349 2342 1434 Pauli,
2401 1351 2809 1435 magistrum,
2866 1351 2937 1414 in
2994 1358 3060 1414 et
3101 1373 3219 1436 pro
3268 1371 3562 1435 capoma-

682 1469 883 1555 gistro
939 1468 1150 1554 loggie
1207 1468 1499 1532 comunis
1547 1466 1601 1530 F
1605 1467 1874 1532 lorentie
1930 1490 2045 1554 pro
2104 1477 2389 1553 tempore
2446 1476 2511 1530 et
2566 1468 2842 1532 termino
2902 1467 3171 1530 duorum
3221 1465 3560 1550 mensium,

681 1584 1083 1650 initiatorum
1133 1585 1236 1650 die
1284 1585 1558 1672 septimo
1607 1585 1848 1648 mensis
1897 1583 2092 1668 Maii,
2150 1584 2443 1669 proxime
2490 1584 2807 1669 preteriti,
2868 1605 3014 1646 cum
3062 1581 3325 1664 salari0,
3388 1580 3565 1645 balia

683 1711 747 1765 et
792 1710 1109 1787 potestate
1157 1711 1222 1765 et
1267 1701 1644 1765 auctoritate
1694 1711 2020 1765 consueta.
2296 1761 2304 1768 .

904 1817 1152 1882 ‚Iacobo
1202 1815 1415 1901 Pauli,
1473 1816 1994 1903 capudmagistro
2044 1815 2285 1901 loggie,
2336 1839 2458 1902 que
2506 1816 2581 1880 fit
2626 1814 2844 1902 adpud
2890 1815 3229 1901 pallatium
3275 1813 3562 1878 domino-

681 1958 827 1999 rum
870 1933 1155 2019 priorum
1202 1934 1437 1997 artium
1484 1943 1548 1996 et
1601 1932 1947 1997 uexilliferi
2003 1933 2246 1998 iustitie
2302 1932 2523 2018 populi
2578 1943 2643 1996 et
2703 1933 2994 1997 comunis
3040 1930 3094 1996 F
3097 1931 3397 2014 lorentie,
3448 1952 3563 2015 pro

683 2052 821 2116 eius
891 2050 1125 2115 salario
1195 2061 1260 2114 et
1311 2072 1480 2136 paga
1543 2049 1816 2114 duorum
1861 2050 2202 2132 mensium,
2260 2050 2555 2135 proxime
2610 2049 3093 2136 preteritorum,
3163 2047 3566 2111 initiatorum

684 2167 788 2231 die
839 2169 874 2232 7
933 2166 1177 2230 mensis
1223 2165 1410 2250 Maii,
1469 2167 1763 2251 proxime
1820 2166 2140 2252 preteriti,
2200 2164 2283 2229 ad
2336 2166 2653 2230 rationem
2707 2166 3095 2231 florenorum
3143 2166 3178 2229 7
3241 2203 3325 2214 --
3382 2163 3565 2228 flore-

683 2305 802 2348 nos
853 2283 938 2347 14
983 2283 1141 2347 auri.

908 2451 1022 2518 38.
1097 2455 1222 2518 Die
1267 2455 1587 2540 briqesimo
1634 2455 1864 2516 menois
1913 2451 2278 2517 Settembris
2324 2447 2409 2536 (a.
2446 2477 2502 2517 a.
2538 2452 2617 2517 O.
2667 2475 2729 2538 p.
2769 2455 2845 2517 11
2862 2447 2955 2535 b).

905 2588 1258 2653 Laurentio
1306 2586 1575 2674 Filippi,
1635 2586 2157 2673 capudmagistro
2214 2585 2455 2671 loggie,
2516 2608 2640 2672 que
2685 2588 2761 2650 fit
2808 2586 3025 2672 adpud
3070 2585 3406 2672 pallatium
3455 2585 3563 2649 do-

683 2705 1008 2768 minorum
1062 2704 1348 2790 priorum
1407 2703 1642 2766 artium
1688 2712 1753 2766 et
1799 2701 2145 2767 uexilliferi
2204 2702 2449 2766 iustitie
2495 2702 2716 2788 populi
2765 2711 2829 2766 et
2876 2702 3167 2767 comunis
3215 2701 3268 2764 F
3271 2701 3562 2784 lorentie,

684 2843 798 2908 pro
856 2820 993 2885 eius
1051 2820 1419 2906 prouisione
1479 2819 1752 2883 duorum
1799 2819 2136 2901 mensium,
2187 2817 2493 2882 uidelicet
2536 2819 2845 2904 Augusti,
2904 2818 3196 2904 proxime
3252 2817 3561 2904 preteriti,

685 2947 750 3001 et
804 2935 1125 3022 presentis
1182 2935 1424 3000 mensis
1476 2931 1858 3000 Settembris
1915 2934 1999 2998 ad
2053 2935 2371 3000 rationem
2426 2936 2617 2999 unius
2671 2934 2902 2999 floreni
2957 2935 3096 2998 auri
3146 2975 3229 2983 —
3286 2934 3563 2998 florenos

687 3052 847 3118 duos
895 3053 1054 3118 auri.

907 3169 1076 3234 Item
1118 3166 1204 3255 (a.
1240 3193 1296 3234 a.
1332 3168 1412 3234 O.
1461 3192 1522 3255 p.
1563 3164 1725 3252 120.)
1774 3169 2315 3253 deliberauerunt,
2367 3170 2539 3256 quod
2582 3170 2971 3236 Laurentius
3019 3168 3281 3256 Filippi,
3332 3167 3564 3255 capud-

685 3285 995 3372 magister
1039 3285 1271 3370 loggie,
1323 3308 1446 3371 que
1490 3287 1566 3349 fit
1611 3285 1782 3371 apud
1827 3286 2139 3372 palatium
2188 3287 2596 3351 dominorum
2636 3289 2923 3374 priorum
2954 3288 3190 3352 artium
3222 3296 3285 3350 et
3317 3285 3565 3350 uexilli-

683 3403 803 3467 feri
859 3403 1103 3467 iustitie
1157 3402 1377 3488 populi
1433 3413 1498 3467 et
1552 3403 1842 3467 comunis
1890 3402 1943 3465 F
1947 3404 2237 3487 lorentie,
2286 3402 2526 3468 habeat
2580 3414 2644 3467 et
2688 3405 2927 3468 habere
2986 3403 3220 3469 debeat
3279 3426 3394 3489 pro
3450 3425 3566 3468 suo

688 3519 923 3583 salario
982 3528 1047 3582 et
1100 3519 1394 3583 mercede
1456 3520 1613 3583 dicti
1667 3521 1854 3584 offitii
1903 3543 1942 3584 a
1989 3521 2161 3584 dieto
2222 3542 2413 3605 opere
2461 3543 2576 3605 pro
2624 3520 2913 3605 quolibet
2960 3542 3181 3584 mense
3229 3529 3292 3585 et
3338 3519 3421 3584 ad
3468 3543 3564 3583 ra-

687 3635 933 3699 tionem
977 3635 1220 3700 mensis
1267 3635 1544 3700 florenos
1595 3658 1710 3700 sex
1758 3645 1823 3700 et
1870 3635 2209 3700 dimidium
2255 3636 2395 3701 auri
2442 3659 2664 3700 mense
2713 3636 3001 3722 quolibet
3042 3644 3106 3701 et
3136 3635 3217 3701 ad
3249 3637 3568 3701 rationem

689 3750 1034 3815 cuiuslibet
1087 3751 1371 3835 ’mensis3
1445 3773 1637 3836 quem
1690 3750 2115 3816 Laurentium
2184 3753 2311 3838 ipsi
2367 3753 2645 3838 operarii
2694 3786 2775 3797 --
2828 3753 3161 3837 elegerunt
3218 3753 3287 3816 in
3335 3751 3565 3839 capud-

689 3866 1070 3951 magistrum
1126 3866 1295 3930 dicte
1350 3866 1564 3952 loggie
1618 3889 1734 3952 pro
1782 3875 2072 3952 tempore
2120 3876 2184 3931 et
2228 3869 2503 3933 termino
2552 3868 2856 3933 uidelicet
2900 3869 3056 3933 111110
3102 3869 3185 3933 ad
3228 3867 3566 3933 kallendas

689 3983 934 4047 mensis
980 3982 1027 4046 J
1028 3983 1298 4066 anuarii,
1348 3983 1641 4068 proxime
1687 3983 1960 4066 uenturi,
2014 3985 2327 4049 currentis
2376 3986 2530 4050 anni
2560 3981 3273 4069 MCCCLXXVIHP)
3322 3996 3439 4050 oet.
3483 4024 3566 4033 —

911 4151 1027 4218 39.
1100 4154 1230 4219 Die
1275 4153 1566 4221 XXVII
1600 4158 1830 4220 mensis
1883 4155 2178 4220 octubris
2225 4152 2309 4240 (a.
2348 4179 2403 4220 a.
2439 4155 2518 4221 0.
2568 4177 2629 4240 p.
2669 4152 2850 4239 lea).

911 4290 1264 4354 Laurentio
1296 4289 1557 4375 Filippi,
1610 4288 1817 4375 capud
1863 4289 2173 4375 magistro
2220 4290 2452 4374 loggie,
2504 4311 2629 4375 que
2676 4291 2751 4353 fit
2796 4300 2939 4374 cet.,
2989 4312 3105 4376 pro
3154 4290 3291 4355 eius
3333 4288 3567 4354 salario

690 4415 755 4470 et
798 4428 967 4492 paga
1009 4405 1329 4492 presentis
1376 4407 1620 4470 mensis
1668 4404 1976 4471 Octubris
2028 4441 2111 4450 —-
2160 4401 2278 4490 ss²s2
2308 4407 2586 4471 florenos
2634 4408 2793 4472 auri.

869 4608 910 4676 ¹)
947 4607 1132 4659 Lucke
1167 4623 1291 4658 vom
1335 4608 1380 4661 1.
1409 4605 1613 4659 Januar
1649 4605 1734 4660 bis
1777 4608 1823 4662 1.
1850 4604 1967 4660 Juli
2008 4607 2162 4661 1378.

869 4694 912 4762 ²)
950 4692 1018 4748 D.
1047 4692 1097 4748 h.
1135 4694 1221 4747 bis
1261 4713 1384 4748 zum
1425 4697 1472 4750 1.
1501 4694 1708 4748 Januar
1749 4696 1904 4764 1380,
1945 4695 2061 4749 also
2101 4694 2195 4749 auf
2232 4697 2259 4748 1
2289 4693 2426 4749 Jahr
2464 4694 2575 4748 und
2613 4696 2646 4748 3
2672 4694 2907 4750 Monate.
2971 4694 3230 4767 Dagegen
3269 4694 3476 4749 soheint
3500 4715 3565 4749 zu

690 4781 953 4854 sprechen
992 4780 1090 4836 das
1127 4783 1389 4852 ,proxime
1425 4785 1632 4837 venturi
1672 4784 1930 4838 currentis
1969 4784 2129 4838 anni‘.
2206 4784 2358 4837 Aber
2398 4782 2485 4836 die
2521 4783 2852 4854 beigesetzte
2890 4783 3211 4837 Jahreszahl
3250 4785 3388 4840 1379
3429 4785 3566 4854 (also

694 4873 831 4926 1380
869 4871 992 4924 stile
1033 4873 1278 4940 0011111110)
1320 4871 1622 4941 einerseits,
1667 4871 1992 4927 andrerseits
2032 4872 2122 4927 (110
2158 4870 2413 4927 wahrend
2452 4872 2589 4926 1379
2629 4871 2983 4944 regelmfissig
3021 4871 3283 4944 erfolgten
3322 4872 3569 4928 (510110110-

690 4959 988 5031 zahlungen
1014 4966 1172 5014 unter
1194 4959 1577 5032 Bezugnahme
1603 4961 1697 5014 auf
1718 4960 1815 5015 das
1829 4960 2181 5032 Wahlpatent
2204 4979 2329 5014 vom
2349 4961 2435 5015 30.
2456 4959 2777 5030 September
2798 4963 2935 5017 1878
2962 4963 3029 5032 (z.
3048 4961 3113 5016 B.
3134 4979 3214 5017 nr.
3235 4963 3305 5016 43
3328 4961 3441 5015 und
3458 4963 3569 5031 44),

691 5046 906 5102 endJieh
945 5046 1032 5101 die
1055 5047 1319 5102 Neuwahl
1355 5066 1442 5102 am
1482 5051 1565 5104 16.
1591 5049 1739 5102 Μεῖη
1770 5051 1907 5103 1380
1933 5051 2033 5116 (nr.
2060 5051 2151 5117 51)
2178 5049 2272 5102 auf
2294 5049 2377 5101 eiu
2404 5050 2646 5103 weiteros
2674 5050 2712 5103 J
2715 5050 2813 5104 ahr
2834 5069 2961 5106 vom
2990 5053 3037 5106 1.
3062 5050 3271 5104 «10111101-
3297 5051 3435 5105 1379
3446 5052 3557 5119 (80)

691 5156 784 5205 an,
831 5155 918 5206 ,an
955 5134 1213 5190 welchem
1251 5136 1398 5209 Tage
1437 5137 1526 5191 die
1561 5137 1680 5190 Zeit
1719 5137 1817 5190 der
1849 5135 2324 5209 vorhergehenden
2364 5135 2528 5192 Wahl
2568 5139 2886 5209 abgelaufen
2924 5141 3037 5208 sei‘,
3077 5169 3145 5178 —
3183 5139 3396 5210 migeti,
3437 5137 3565 5192 dass

692 5225 791 5278 der
834 5228 880 5280 1.
907 5226 1113 5278 Januar
1153 5227 1289 5279 1380
1327 5226 1563 5296 gemeint
1599 5243 1724 5280 war.
