4009 5859
2046 395 2173 458 148

670 571 843 636 diota
887 571 1214 657 impositio
1264 579 1327 634 et
1373 571 1623 635 exactio
1672 579 1790 634 cet.
1844 609 1925 618 —-
1974 568 2084 633 Illi
2131 592 2284 633 uero
2333 593 2413 633 ex
2461 569 2867 654 consiliariiS‚
2919 571 3029 655 qui
3076 570 3416 634 uoluerunt
3464 611 3546 618 —

668 685 958 771 predicta
1026 685 1256 750 durare
1326 695 1391 749 et
1457 686 1673 751 ualere
1744 725 1828 735 —
1888 707 2001 771 per
2049 685 2395 750 terminum
2453 695 2516 748 et
2562 695 2814 771 tempus
2863 685 3148 771 quinque
3183 685 3551 750 futurorum

669 823 982 866 annorum
1029 841 1111 849 —
1158 801 1415 865 fuerunt
1460 800 1860 865 solummodo
1910 801 1994 864 22
2043 823 2310 864 numero
2360 800 2710 886 computati
2759 810 2877 864 cet.

891 915 972 980 In
1019 915 1288 980 consilio
1344 915 1628 1002 generali
1676 925 1740 979 et
1786 915 2042 1001 spetiali
2091 915 2336 979 domini
2385 915 2706 1000 capitanei
2755 923 2818 978 et
2863 914 3086 1000 populi
3133 913 3442 978 antedicti
3489 923 3554 977 et

672 1031 1112 1116 capitudinum
1180 1032 1259 1096 12
1323 1032 1639 1095 maiorum
1700 1030 1961 1114 artium,
2030 1070 2112 1078 —
2177 1040 2564 1115 congregato
2633 1031 2701 1093 in
2766 1029 3040 1093 ecclesia
3101 1029 3311 1093 sancti
3374 1027 3552 1092 Petri

674 1141 1029 1211 Scheradii:
1080 1145 1333 1210 Placuit
1377 1147 1466 1209 44
1521 1169 1601 1210 ex
1658 1145 1963 1232 predictis
2021 1145 2500 1230 capitudinibus
2562 1155 2626 1209 et
2672 1145 3078 1209 consiliariis
3155 1182 3234 1192 -
3306 1139 3551 1228 Displi-

676 1262 815 1326 ouit
864 1263 964 1326 15.

896 1456 999 1522 2¹7.
1049 1458 1237 1523 Anno
1265 1464 1440 1522 1296
1464 1451 1630 1540 (97),
1673 1459 2018 1521 indictione
2044 1463 2150 1534 10,
2185 1457 2288 1520 die
2309 1463 2396 1520 15
2427 1459 2702 1520 intrante
2734 1478 2939 1520 menae
2963 1457 3192 1520 Martii
3213 1451 3491 1538 (Provis.
3513 1455 3547 1519 7

674 1598 735 1662 p.
773 1577 859 1641 88
875 1577 938 1660 b,
1010 1573 1194 1660 Gaye
1240 1576 1274 1639 Ι
1304 1597 1364 1660 p.
1400 1569 1581 1657 434).

900 1715 983 1780 In
1032 1717 1301 1782 consilio
1351 1725 1610 1782 centum
1656 1717 1969 1781 uirorum:

903 1831 1097 1912 Quod
1152 1833 1221 1896 in
1278 1831 1640 1897 subsidium
1702 1841 1766 1896 et
1819 1854 1932 1918 pro
1982 1831 2274 1897 subsidio
2334 1841 2398 1896 et
2451 1853 2644 1917 opere
2701 1832 2954 1896 mirifici
3003 1831 3276 1896 ecclesie
3331 1839 3554 1896 sancte

675 1947 1025 2034 Reparate‚
1110 1947 1451 2012 catedralis
1520 1949 1791 2012 ecclesie
1874 1947 2274 2031 Florentiae,
2357 1970 2484 2033 que
2547 1957 2911 2033 reparatur,
2984 1947 3142 2032 quin
3209 1949 3405 2010 immo
3474 1945 3554 2010 de

674 2087 843 2128 nouo
915 2064 1305 2129 construitur
1380 2085 1496 2148 pro
1576 2062 1818 2128 honore
1894 2076 1958 2128 et
2037 2063 2399 2127 reuerentia
2477 2063 2938 2148 omnipotentis
3017 2062 3144 2126 Dei
3223 2072 3288 2126 et
3371 2063 3554 2126 beate

676 2180 946 2265 uirginis
1004 2179 1229 2263 Marie,
1308 2179 1533 2244 matris
1594 2201 1725 2262 sue,
1802 2188 1867 2243 et
1919 2179 2108 2243 beate
2165 2178 2486 2265 Reparate
2547 2179 2814 2262 uirginis
2873 2187 2938 2242 et
2993 2177 3079 2242 ad
3134 2177 3443 2242 honorem
3490 2187 3555 2242 et

682 2295 981 2361 decorem
1027 2305 1091 2360 et
1138 2294 1333 2359 decus
1383 2295 1667 2358 ciuitatis
1715 2303 1780 2359 et
1825 2294 2045 2380 populi
2093 2293 2454 2359 Florentini
2503 2295 2672 2358 ultra
2719 2296 3132 2379 quantitateS,
3196 2294 3358 2357 alias
3407 2293 3554 2357 hac-

679 2421 865 2476 tenus
914 2412 981 2475 in
1029 2410 1306 2476 diuersis
1352 2411 1753 2496 temporibus
1801 2408 2131 2474 ordinatas
2188 2418 2252 2474 et
2298 2409 2622 2474 stabilitas
2678 2410 2750 2474 in
2795 2408 2922 2475 hiis
2971 2409 3248 2496 expendi
3297 2408 3551 2492 debere,

680 2525 973 2591 eiusdem
1030 2526 1318 2591 comunis
1374 2525 1427 2588 F
1432 2525 1705 2590 lorentie
1760 2524 2116 2607 camerarii,
2189 2535 2524 2610 presentes
2593 2547 2788 2610 quam
2832 2524 3049 2607 futuri,
3108 2524 3282 2588 licite
3342 2533 3406 2589 et
3461 2524 3554 2588 in-

679 2663 849 2727 pune
914 2650 980 2706 et
1034 2642 1281 2726 absque
1348 2641 1636 2725 ipsorum
1692 2639 2046 2726 preiudicio
2104 2650 2167 2705 et
2223 2641 2599 2725 grauamine
2657 2663 2771 2726 pro
2829 2642 3102 2706 termino
3159 2650 3224 2706 et
3270 2652 3556 2726 tempore

678 2759 871 2822 unius
917 2757 1070 2822 anni
1118 2756 1409 2842 proxime
1454 2755 1670 2838 futuri,
1745 2755 2045 2820 initiandi
2093 2757 2162 2819 in
2211 2755 2426 2820 medio
2483 2757 2725 2821 mensis
2772 2756 3054 2842 ApreIiS,
3126 2757 3416 2842 proxime
3461 2756 3556 2820 fu-

679 2874 827 2956 turi,
900 2871 1267 2958 expendant
1336 2881 1400 2935 et
1456 2870 1712 2936 soluant
1769 2881 1833 2934 et
1887 2869 2250 2954 expendere
2307 2879 2372 2934 et
2429 2871 2681 2935 soluere
2739 2872 2992 2956 possint
3037 2880 3103 2935 et
3151 2870 3431 2935 debeant
3478 2870 3556 2935 de

681 2988 888 3074 ipsius
953 2988 1244 3052 comunis
1303 2987 1579 3071 pecunia
1624 2986 1823 3050 libras
1873 2984 2158 3048 duomila
2204 2985 2710 3070 quadringentas
2768 2986 2810 3050 f.
2845 3008 2909 3071 p.
2958 2986 3354 3068 offitialibus,
3405 3007 3557 3071 ope-

680 3103 889 3186 rariis,
938 3123 1054 3188 per
1100 3101 1394 3167 dominos
1443 3102 1689 3187 priores
1736 3101 1974 3166 artium
2021 3109 2086 3164 et
2131 3099 2564 3164 uexilliferum
2621 3102 2867 3166 iustitie
2921 3102 3142 3187 populi
3197 3101 3558 3166 Florentini

684 3219 907 3284 electis
956 3241 1069 3284 seu
1116 3217 1431 3302 eligendis
1479 3217 1560 3282 ad
1608 3218 1821 3303 ipsum
1869 3238 2029 3302 opus
2079 3217 2350 3286 ecclesie
2382 3217 2856 3303 procurandum
2904 3227 2968 3282 et
2996 3217 3135 3281 fieri
3168 3216 3555 3298 faciendum,

684 3334 1020 3399 occasione
1074 3333 1389 3420 predicta,
1448 3333 1919 3419 particulariter
1976 3331 2349 3416 soluendaS,
2421 3332 2774 3398 exibendas
2832 3344 2896 3397 et
2954 3333 3381 3418 assignandas
3435 3333 3561 3396 hoc
3606 3336 3614 3344 “

684 3449 875 3514 modo
946 3449 1280 3514 uidelicet:
1353 3449 1524 3535 quod
1592 3472 1707 3535 pro
1778 3449 2179 3535 quibuslibet
2249 3448 2498 3514 duobus
2555 3449 2888 3513 mensibus
2949 3449 3103 3512 anni
3159 3447 3430 3533 predicti
3479 3447 3558 3510 de

687 3587 939 3630 summa
984 3573 1049 3630 et
1096 3565 1455 3651 quantitate
1501 3564 1791 3650 predicta
1835 3565 2039 3629 libras
2086 3564 2220 3629 400
2265 3564 2692 3649 assignandas
2741 3574 2860 3628 cet.

912 3759 1023 3826 28.
1094 3761 1279 3826 Anno
1328 3768 1525 3842 1297,
1574 3763 1915 3826 indictione
1962 3769 2074 3842 11,
2121 3763 2222 3825 die
2257 3769 2295 3824 7
2325 3764 2600 3825 intrante
2628 3783 2833 3824 ‘mense
2870 3760 3158 3825 Octobris
3205 3760 3481 3844 (Provis.
3517 3761 3559 3827 8

686 3899 748 3962 p.
789 3878 997 3960 139b3
1048 3876 1233 3962 Gaye
1278 3879 1313 3942 I
1342 3900 1403 3963 p.
1440 3873 1618 3958 435).

911 4024 1119 4115 Super
1167 4051 1261 4111 e0,
1312 4027 1483 4113 quod
1531 4029 1599 4092 in
1646 4027 2008 4092 subsidium
2055 4039 2120 4092 et
2164 4048 2278 4112 pro
2327 4026 2617 4092 subsidio
2667 4037 2731 4092 et
2777 4049 2968 4113 opere
3001 4030 3252 4094 mirifici
3287 4030 3558 4094 ecclesie

690 4155 913 4209 sancte
958 4143 1299 4230 Reparate,
1351 4142 1739 4208 cathedralis
1788 4143 2060 4208 ecclesie
2091 4143 2484 4227 Florentine,
2535 4167 2660 4230 que
2707 4167 2821 4230 pro
2869 4145 3108 4209 honore
3157 4155 3221 4209 et
3263 4168 3556 4210 reueren-

690 4261 785 4324 tia
830 4261 1288 4346 omnipotentis
1337 4258 1463 4324 Dei
1512 4269 1576 4324 et
1621 4260 1809 4323 beate
1858 4259 2129 4343 uirginis
2177 4260 2401 4342 Marie,
2453 4261 2677 4324 matris
2727 4283 2859 4342 sue,
2911 4269 2976 4324 et
3020 4261 3206 4324 beate
3237 4259 3558 4345 Reparate

691 4375 962 4460 uirginis
1033 4385 1098 4439 et
1165 4375 1248 4440 ad
1320 4375 1616 4440 decorem
1686 4385 1751 4439 et
1819 4373 2016 4439 decus
2076 4374 2358 4439 ciuitatis
2415 4384 2480 4439 et
2532 4375 2752 4461 populi
2797 4374 3158 4440 Florentini
3203 4387 3556 4461 reparatur,
3591 4429 3608 4436 -

691 4492 849 4577 quin
893 4491 1091 4555 immo
1141 4489 1220 4554 de
1267 4515 1433 4556 nouo
1484 4491 1875 4556 construitur
1919 4512 2034 4576 pro
2081 4491 2369 4576 predicto
2419 4491 2676 4555 comuni
2726 4491 2890 4555 ultra
2936 4491 3347 4576 quantitateS,
3397 4492 3558 4556 alias

690 4607 1002 4671 hactenus
1073 4605 1399 4672 ordinatas
1470 4616 1534 4670 et
1595 4607 1917 4672 stabilitas
1975 4628 2091 4692 pro
2146 4607 2287 4692 ipso
2336 4609 2594 4672 comuni
2640 4607 2916 4692 expendi
2965 4607 3218 4690 debere,
3270 4606 3560 4673 eiusdem

694 4722 983 4788 comunis
1032 4723 1385 4803 camerarii,
1436 4744 1549 4808 pro
1597 4731 1885 4809 tempore
1932 4723 2283 4788 existentes
2329 4723 2399 4787 in
2446 4723 2585 4808 ipso
2636 4723 2858 4806 offitio,
2909 4723 3086 4788 licite
3128 4733 3194 4788 et
3225 4725 3464 4810 inpune
3497 4732 3562 4787 et

696 4837 938 4922 absque
983 4837 1271 4922 ipsorum
1316 4837 1658 4922 preiuditio
1706 4847 1771 4901 et
1817 4839 2190 4922 grauamine
2235 4840 2304 4902 in
2349 4839 2624 4904 termino
2684 4848 2748 4903 et
2802 4848 3088 4924 tempore
3145 4849 3209 4902 et
3267 4863 3381 4924 pro
3437 4850 3559 4903 ter-

695 4951 868 5016 mino
918 4961 982 5016 et
1026 4961 1313 5037 tempore
1361 4951 1631 5017 duorum
1676 4952 2035 5017 futurorum
2081 4976 2413 5037 annorum,
2463 4954 2926 5019 initiandorum
2971 4954 3039 5017 in
3071 4953 3283 5019 medio
3317 4955 3560 5020 mensis

695 5065 1051 5149 Februarii,
1101 5067 1392 5152 proxime
1438 5069 1712 5151 uenturi,
1772 5070 1891 5134 sub
1938 5070 2126 5134 annis
2184 5069 2426 5133 domini
2471 5066 3149 5151 MCCLXXXXVH‚
3209 5070 3562 5134 indictione

696 5181 799 5245 XI
851 5177 986 5264 (dh.
1036 5177 1237 5264 1298)
1290 5193 1356 5246 et
1410 5182 1935 5268 complendorum
1990 5185 2060 5248 in
2108 5184 2318 5250 medio
2365 5186 2607 5250 mensis
2655 5184 2991 5249 Februarii
3051 5185 3170 5248 sub
3219 5186 3406 5250 annis
3455 5184 3562 5248 do·
