4009 5859
2069 339 2196 400 344

1924 427 1978 434 μ-
2003 427 2350 433 ——-—--———

922 511 1381 598 Johannes1)
1430 516 1586 580 olim
1634 514 1817 596 Tani‚
1868 517 2080 602 pictor
2127 515 2520 598 cosanorum,
2593 515 2816 601 populi
2863 515 3070 580 sancti
3115 513 3454 580 Laurentii
3505 513 3592 578 de

694 630 1033 696 Florentia
1080 665 1160 676 —-
1213 630 1317 696 die
1363 630 1467 696 III
1511 629 1676 696 Julii
1722 629 2355 714 MCCCLXXXVI,
2407 630 2762 696 indictione
2807 631 2928 696 IX.

1963 949 2200 1017 Codex
2239 952 2318 1020 Χ.

922 1095 1071 1162 Den
1115 1097 1467 1164 Matrikeln
1513 1099 1581 1184 in
1628 1097 2198 1184 chronologischer
2241 1098 2666 1184 Reihenfolge
2714 1099 2867 1186 geht
2912 1100 3016 1164 ein
3065 1099 3591 1186 alphabetischer

703 1213 911 1280 Index
944 1215 1103 1280 aller
1134 1216 1203 1280 in
1252 1215 1492 1281 diesem
1527 1215 1753 1281 Bande
1786 1217 2333 1282 immatriculirter
2362 1216 2874 1303 Zunftgenossen
2907 1240 3162 1282 vorauS.
3237 1215 3369 1282 Um
3399 1215 3590 1282 nicht

698 1355 779 1396 zu
823 1331 1277 1417 wiederholen,
1330 1332 1649 1420 fibergehe
1694 1332 1802 1399 ich
1848 1333 2074 1399 diesen
2114 1333 2248 1398 und
2279 1335 2440 1420 gebe
2473 1335 2673 1399 sofort
2705 1333 2808 1399 die
2841 1334 3175 1399 einzelnen
3205 1332 3582 1416 Matrikeln,

700 1448 927 1514 soweit
974 1449 1068 1514 sie
1112 1448 1322 1515 Maler
1365 1449 1705 1516 betreffen:

924 1564 1001 1631 In
1051 1564 1298 1633 Christi
1348 1568 1609 1633 nomine
1655 1589 1861 1632 amen.
1955 1567 2408 1634 Existentibus
2463 1567 2792 1634 nobilibus
2841 1575 2906 1633 et
2949 1565 3373 1655 prudentibus
3421 1566 3584 1632 uiris

580 1766 588 1772 -
700 1691 821 1747 cet.
850 1716 933 1728 -
956 1681 1175 1766 folgen
1200 1680 1305 1749 die
1328 1683 1583 1748 Namen
1614 1718 1689 1728 —-
1718 1684 2092 1750 consulibus
2125 1685 2279 1750 artis
2316 1685 2570 1770 collegii
2601 1695 2666 1750 et
2695 1683 3136 1750 uniuersitatis
3167 1683 3579 1762 medicorum,

700 1799 1228 1864 aromatariorum
1297 1810 1362 1864 et
1428 1801 1911 1866 merciariorum
1978 1799 2173 1866 Porte
2237 1811 2459 1867 sancte
2505 1801 2713 1866 Marie
2761 1801 3042 1866 ciuitatis
3088 1790 3580 1886 Florentie'pro

700 1923 989 2001 tempore
1058 1925 1123 1980 et
1179 1917 1452 1981 termino
1507 1927 1780 2002 quatuor
1834 1918 2171 2001 mensium,
2246 1919 2538 2003 proxime
2583 1917 2956 2000 futororum,
3029 1915 3428 1980 initiatorum
3476 1914 3582 1979 die

700 2032 907 2116 primo
960 2033 1203 2096 mensis
1248 2031 1545 2098 Januarii
1608 2057 1776 2098 anno
1823 2033 2169 2098 Dominice
2239 2033 2702 2098 incarnationis
2771 2033 3114 2098 millesimo
3161 2041 3582 2118 quatuorcen-

698 2147 931 2212 tesimo
978 2148 1417 2233 nonagesimo,
1490 2148 1841 2214 indictione
1888 2173 2061 2214 nona
2104 2145 2356 2232 (1491),
2431 2160 2496 2212 et
2539 2149 2867 2213 finitorum
2915 2149 3018 2214 die
3065 2147 3292 2212 ultimo
3339 2147 3580 2212 mensis

698 2262 951 2348 Aprilis
998 2287 1165 2328 anno
1211 2264 1552 2330 Dominice
1598 2266 2064 2331 incarnationis
2110 2262 2779 2348 MCCCCLXXXX,
2838 2263 3192 2328 indictione
3237 2259 3582 2349 predicta’)

700 2373 827 2460 (sic
869 2379 974 2443 fiir
1022 2374 1241 2460 1491).

926 2495 1059 2559 Hic
1104 2506 1205 2561 est
1250 2497 1415 2562 liber
1463 2497 1601 2562 siue
1650 2507 2019 2584 quaternus,
2095 2498 2431 2562 continens
2501 2497 2570 2562 in
2639 2519 2710 2562 se
2777 2495 3042 2561 nomina
3093 2504 3158 2560 et
3203 2494 3582 2582 prenomina

706 2610 1041 2676 hominum
1088 2621 1153 2676 et
1198 2635 1635 2698 personarum,
1709 2615 1818 2701 qui
1889 2625 1954 2679 et
2024 2637 2136 2680 seu
2207 2637 2331 2700 que
2403 2614 2482 2678 de
2537 2636 2704 2678 nouo
2755 2622 3066 2679 uenerunt
3111 2611 3195 2676 ad
3241 2611 3581 2697 collegium

704 2739 1129 2792 memoratum
1176 2737 1317 2812 cet.,
1385 2765 1468 2774 -—-
1528 2730 1803 2816 scriptus
1850 2753 1965 2817 per
2013 2754 2116 2795 ser
2159 2729 2425 2794 Lottum
2471 2753 2576 2794 ser
2620 2730 2674 2794 F
2677 2730 2953 2794 rancisci
3001 2727 3079 2794 de
3125 2727 3351 2811 MasiS,
3401 2739 3580 2792 nota-

702 2844 871 2908 rium
915 2843 1381 2927 Florentinum,
1457 2847 1912 2911 cancellarium
1982 2859 2046 2911 et
2114 2847 2397 2912 scribam
2453 2845 2622 2910 dicte
2678 2845 2856 2928 artis,
2929 2855 2992 2908 et
3039 2844 3271 2932 partim
3317 2866 3430 2930 per
3475 2865 3582 2909 ser

702 2957 1055 3045 Georgium
1102 2983 1207 3026 ser
1253 2958 1519 3027 Stinelis
1567 2959 1655 3046 (‘?)
1701 2962 1780 3029 de
1827 2960 2157 3048 LagannO,
2208 2963 2345 3028 eius
2395 2961 2877 3026 coadhiutorem
2921 2969 3040 3025 cet.

923 3121 1054 3186 Die
1098 3128 1183 3186 29
1232 3126 1461 3188 mensis
1509 3125 1649 3188 Mai
1694 3131 1865 3188 1492
1916 3119 2003 3210 (p.
2044 3119 2180 3206 Ta).

926 3255 1263 3342 Loysius
1321 3257 1583 3323 Tomasi
1637 3256 1958 3322 Johannis
2015 3257 2354 3322 Uterussii‘
2408 3257 2486 3322 de
2534 3256 2956 3338 Alamannia,
3029 3255 3264 3341 pictor,
3337 3255 3405 3318 in
3471 3253 3586 3318 uia,

703 3366 1082 3454 Seruorum,
1144 3373 1364 3438 uolens
1420 3375 1643 3438 uenire
1699 3373 1780 3437 ad
1836 3373 2286 3458 magistratum
2342 3372 2511 3436 dicte
2560 3373 2714 3436 artis
2764 3381 2827 3436 et
2873 3371 3026 3457 poni
3074 3380 3138 3434 et
3186 3369 3464 3435 describi
3510 3370 3582 3432 in

703 3487 1045 3552 matricula
1091 3488 1261 3553 dicte
1309 3490 1464 3553 artis
1512 3490 1680 3553 inter
1725 3488 1907 3572 alios,
1969 3489 2037 3553 in
2095 3488 2268 3553 dicta
2324 3498 2460 3553 arte
2521 3488 2982 3570 matriculatOS,
3041 3485 3339 3573 promisit
3397 3483 3578 3566 mihi,

705 3603 958 3666 notario
1006 3603 1435 3690 infrascripto,
1487 3612 1550 3668 et
1581 3605 1818 3669 iurauit
1849 3605 1932 3669 ad
1964 3614 2189 3669 sancta
2218 3603 2341 3668 Dei
2392 3604 2746 3688 euangelia,
2797 3603 3133 3689 scripturis
3167 3600 3585 3686 corporaliter

705 3740 898 3781 manu
968 3719 1185 3802 tactiS,
1260 3719 1499 3784 dictam
1570 3731 1773 3785 artem
1840 3722 2005 3785 bene
2065 3730 2128 3784 et
2182 3720 2476 3805 legaliter
2533 3741 2832 3784 exercere
2879 3728 2944 3783 et
2991 3716 3361 3782 consulibus
3410 3714 3582 3780 dicte

707 3833 864 3898 artis
913 3855 1139 3918 parere
1185 3835 1251 3898 in
1300 3836 1600 3901 omnibus
1648 3837 1844 3901 licitis
1894 3847 1958 3901 et
2004 3836 2294 3901 honestis
2344 3847 2407 3900 et
2455 3845 2696 3900 statuta
2735 3836 2904 3900 dicte
2938 3834 3094 3900 artis
3127 3843 3192 3898 et
3222 3830 3580 3896 laudabiles

706 3950 1205 4016 consuetudines
1262 3953 1607 4018 obseruare
1667 3964 1730 4017 et
1784 3955 2002 4019 omnia
2057 3954 2184 4019 alia
2238 3954 2475 4036 facere,
2536 3976 2658 4039 que
2715 3951 2927 4016 fac-ere
2981 3959 3236 4014 tenetur
3281 3955 3345 4011 et
3391 3945 3582 4010 debet

708 4066 1063 4131 secundum
1108 4067 1557 4134 ordinamenta
1603 4069 1772 4134 dicte
1819 4071 1998 4135 artis.

928 4181 1146 4248 Debet
1192 4184 1441 4250 soluere
1487 4183 1631 4272 (pro
1680 4209 1797 4250 sua
1841 4181 2209 4268 matricula)
2253 4187 2532 4250 florenos
2578 4182 2717 4249 XII
2764 4182 2985 4269 sigilli.

931 4300 1195 4384 Appare
1243 4324 1283 4365 a
1328 4301 1493 4366 libro
1540 4301 1832 4366 Bianc-ho
1881 4325 1933 4367 c.
1973 4299 2139 4382 14³).

706 4423 1124 4432 -ῄ-ὴ--ύ

836 4535 849 4549 ³
886 4473 925 4536 ¹)
967 4472 1314 4545 Lucasgilde:
1355 4473 1624 4528 Giouanni
1651 4474 1706 4528 di
1742 4475 1910 4544 Tunc,
1949 4475 2234 4546 dipintore,
2273 4472 2642 4542 (MCCCCV);
2682 4472 2774 4527 cfr.
2811 4489 2866 4542 p.
2893 4471 2998 4526 319
3035 4487 3113 4525 nr.
3139 4471 3190 4523 4.

884 4561 924 4628 ²)
964 4561 1057 4615 Ich
1116 4562 1261 4633 folge
1317 4562 1415 4616 der
1468 4563 1762 4618 modernen
1818 4562 2062 4634 Zfihlung
2109 4562 2206 4616 der
2246 4562 2478 4616 Codices
2533 4563 2608 4615 im
2645 4561 2985 4615 Florentiner
3022 4555 3405 4623 Staatsarchiv,
3443 4557 3582 4611 ohne

706 4647 1002 4704 Rficksicht
1038 4651 1132 4706 auf
1163 4651 1251 4704 die
1289 4649 1666 4722 Chronologie.
1705 4682 1770 4690 —
1808 4652 1922 4704 Der
1959 4649 2146 4704 Codex
2185 4651 2254 4704 ist
2289 4649 2439 4703 nicht
2473 4649 2637 4702 leicht
2675 4668 2740 4702 zu
2777 4648 2942 4701 lesen.

884 4739 927 4808 ³)
967 4738 1041 4794 So
1098 4739 1231 4793 oder
1282 4740 1337 4793 in
1392 4739 1674 4794 fibulichen
1715 4739 2074 4793 Ausdriicken
2130 4739 2219 4794 dio
2273 4738 2550 4806 Man-ike1‚
2608 4736 2696 4790 die
2751 4735 2837 4789 ioh
2889 4753 2998 4789 von
3053 4752 3161 4786 nun
3203 4751 3268 4786 an
3335 4733 3584 4787 verkfirzt

708 4828 844 4898 gebe
855 4847 869 4892 3
926 4827 1063 4881 dazu
1099 4828 1337 4882 Verweis
1393 4828 1487 4881 auf
1537 4828 1622 4881 ein
1677 4828 1922 4897 anderes,
1977 4827 2117 4882 wohl
2165 4827 2502 4898 gleichzeitig
2557 4825 2828 4897 gefslhrtes
2885 4822 3369 4893 Matrikelregister
3422 4821 3582 4890 (libro

706 4917 952 4984 Bianco).
991 4947 1056 4956 —
1094 4916 1325 4987 Loysius
1371 4915 1613 4984 bezahlt,
1661 4917 1779 4971 weil
1817 4916 2106 4984 Fremder,
2149 4917 2213 4970 12
2239 4915 2479 4972 Florius:
2530 4923 2684 4969 sonst
2721 4914 2934 4968 kostete
2973 4931 3028 4965 es
3067 4930 3169 4964 nur
3203 4914 3262 4979 6,
3305 4928 3458 4964 wenn
3498 4910 3581 4965 ein

705 5003 1044 5059 Florentiner
1081 5006 1299 5070 eintrat3
1338 5023 1433 5077 gar
1473 5005 1664 5074 nichtS,
1700 5023 1855 5059 wenn
1894 5004 1989 5058 der
2015 5005 2179 5058 Vater
2215 5003 2348 5058 oder
2386 5005 2471 5058 ein
2508 5003 2736 5057 anderer
2757 5001 2991 5056 Vorfahr
3027 5001 3228 5055 bereits
3265 5000 3583 5054 immatricu-

705 5093 799 5147 lirt
833 5111 967 5158 war3
1023 5096 1056 5148 3
1083 5093 1314 5162 Florius,
1352 5112 1503 5148 wenn
1544 5094 1641 5147 der
1664 5093 1876 5147 Bruder
1912 5092 2078 5147 sehon
2119 5112 2212 5146 zur
2237 5092 2397 5147 Zunft
2433 5091 2681 5165 gehorte3
2741 5091 2775 5145 5
2799 5089 3014 5143 Florius
3043 5087 3273 5157 endlich,
3309 5105 3462 5141 wenn
3487 5087 3586 5140 der

708 5182 1055 5240 Betreffende
1089 5181 1341 5255 thglied
1382 5181 1528 5236 einer
1564 5181 1797 5236 anderen
1836 5181 1995 5235 Zunft
2032 5199 2158 5236 war.
