4009 5859
2019 1591 2151 1674 IV.

1618 1797 2020 1900 Santa
2110 1797 2547 1899 Croee.

650 2263 653 2268 -
869 2217 928 2282 l.
1002 2221 1191 2283 Anno
1219 2223 1419 2293 1295,
1450 2218 1793 2282 indictione
1824 2225 1890 2298 8,
1926 2219 2030 2281 die
2059 2224 2098 2278 8
2133 2221 2409 2280 intrante
2440 2239 2645 2282 mense
2677 2217 2936 2303 Apreli8
2983 2217 3262 2296 (ProviS.
3297 2217 3445 2282 filza
3479 2219 3518 2281 5

646 2360 707 2423 p.
743 2338 896 2420 82a,
948 2334 1132 2422 Gaye
1163 2335 1198 2399 I
1228 2359 1289 2421 p.
1318 2329 1497 2416 428).

871 2476 1082 2566 Super
1148 2477 1567 2563 prouidendO,
1642 2475 2000 2541 ordinando
2051 2486 2114 2540 et
2159 2477 2495 2562 firmando,
2560 2476 2888 2562 sequendo
2934 2476 3209 2541 formam
3255 2476 3520 2562 capituli

650 2597 983 2660 constituti
1040 2595 1329 2659 comunis
1379 2593 1429 2656 F
1435 2593 1731 2676 lorentie,
1790 2593 1985 2679 positi
2036 2594 2154 2658 sub
2204 2594 2486 2658 rubrica:
2559 2593 2684 2677 ,De
2731 2593 3131 2680 prouidendo
3181 2617 3371 2680 super
3416 2593 3522 2658 he-

650 2711 1045 2776 difficatione
1094 2710 1366 2774 ecclesie
1420 2709 1692 2773 fratrum
1744 2705 2096 2774 Minorum‘
2145 2719 2208 2773 et
2254 2710 2508 2795 incipit:
2582 2709 2826 2794 ,Quum
2869 2710 2950 2774 ad
2996 2711 3307 2775 honorem
3353 2705 3518 2793 cet.‘,

650 2827 823 2912 quod
870 2849 985 2913 pro
1034 2827 1276 2890 honore
1323 2835 1387 2888 et
1432 2826 1796 2889 reuerentia
1841 2824 2085 2888 domini
2136 2827 2338 2890 nostri
2384 2826 2546 2890 Jesu
2578 2823 2826 2891 Christi
2874 2835 2938 2892 et
2983 2827 3157 2892 beati
3189 2826 3520 2890 Francisci

652 2953 716 3006 et
774 2965 887 3028 pro
944 2942 1187 3007 honore
1245 2951 1309 3006 et
1358 2942 1587 3006 decore
1636 2941 1918 3005 ciuitatis
1964 2940 2294 3005 Florentie
2344 2943 2411 3006 in
2456 2941 2773 3006 hediffitio
2823 2952 2887 3008 et
2931 2966 3048 3029 pro
3095 2942 3412 3007 hediffitio
3459 2951 3524 3007 et

648 3081 837 3144 opere
910 3059 1180 3122 ecclesie
1249 3057 1521 3121 fratrum
1576 3057 1905 3121 Minorum
1976 3056 2056 3120 de
2111 3057 2458 3140 Florentia,
2536 3059 2783 3123 utinam
2839 3057 3116 3123 feliciter
3171 3058 3524 3123 secundum

646 3175 921 3240 formam
968 3175 1193 3239 statuti
1240 3172 1559 3238 initiando
1610 3183 1673 3236 et
1718 3172 2047 3256 faciendO,
2100 3184 2164 3237 et
2209 3175 2273 3237 in
2324 3173 2451 3238 hiis
2501 3184 2565 3239 et
2610 3199 2723 3260 pro
2772 3173 2918 3258 hiis,
2970 3197 3094 3259 que
3141 3185 3401 3260 propter
3447 3197 3524 3238 ea

649 3289 1080 3376 expedierint,
1144 3290 1223 3354 de
1270 3290 1546 3375 pecunia
1592 3300 1657 3354 et
1713 3313 1903 3354 auere
1962 3289 2120 3352 dicti
2179 3291 2471 3356 comunis
2529 3290 2857 3356 Florentie
2913 3291 3338 3376 expendatur,
3399 3291 3522 3356 sol-

650 3416 837 3471 uatur
904 3415 967 3470 et
1036 3416 1448 3470 conuertatur
1516 3407 1585 3470 in
1654 3406 1926 3469 termino
1988 3416 2052 3469 et
2109 3428 2223 3490 pro
2281 3407 2555 3471 termino
2613 3418 2677 3470 et
2734 3417 3020 3492 tempore
3078 3407 3269 3472 unius
3324 3406 3522 3471 futuri

650 3522 823 3606 anni,
874 3521 1176 3586 initiandi
1223 3522 1291 3585 in
1337 3521 1549 3586 medio
1598 3522 1840 3586 mensis
1887 3521 2138 3606 Aprilis
2187 3523 2534 3606 presentiS‚
2608 3522 3006 3608 quibuslibet
3052 3522 3302 3588 duobus
3349 3545 3524 3586 men·

653 3640 833 3704 sibus
884 3638 1037 3702 anni
1082 3637 1356 3723 predicti
1404 3637 1605 3701 libras
1638 3638 1771 3702 200
1799 3636 1843 3701 f.
1880 3659 1961 3722 p.,
2014 3658 2127 3721 per
2173 3637 2376 3722 ipsius
2425 3637 2715 3702 comunis
2765 3639 3170 3720 camerariOS,
3219 3649 3354 3704 tam
3384 3661 3524 3724 pre-

651 3765 885 3836 sentes,
937 3776 1130 3838 quam
1174 3752 1442 3833 futurOS,
1493 3752 1829 3816 occasione
1876 3752 2169 3839 predicta
2201 3753 2566 3836 soluendae,
2619 3753 3043 3839 assignandas
3077 3767 3142 3819 et
3172 3754 3524 3819 exibendas

650 3870 1002 3956 guar-diano
1061 3871 1345 3956 ipsorum
1398 3869 1669 3933 fratrum
1726 3893 1839 3934 seu
1886 3869 2177 3954 legitimo
2227 3869 2475 3934 sindico
2525 3869 2789 3956 capituli
2837 3880 2902 3933 et
2949 3880 3305 3935 conuentus
3353 3871 3522 3955 ipso-

648 4011 792 4051 rum
837 3987 1109 4052 fratrum
1154 3996 1274 4050 cet.

875 4155 941 4221 2.
1042 4157 1227 4220 Anno
1286 4163 1494 4237 1296,
1560 4159 1904 4220 indictione
1958 4163 2032 4236 9,
2101 4159 2202 4220 die
2257 4163 2342 4220 23
2397 4160 2626 4220 mens-ie
2681 4157 2865 4220 [isaii.
2913 4161 2920 4166 ’
2961 4152 3093 4220 Cfr.
3153 4155 3524 4218 Dokument

650 4272 752 4337 III
798 4297 895 4336 nr.
934 4273 1040 4337 23.

874 4441 940 4507 3.
1014 4444 1202 4507 Anno
1242 4449 1439 4523 1298,
1488 4445 1833 4506 indictione
1866 4450 1942 4505 11
1964 4492 1981 4522 ,
2035 4445 2136 4506 die
2171 4451 2208 4504 7
2246 4445 2521 4507 intrante
2551 4466 2758 4507 mense
2792 4445 2960 4506 Maii
2991 4439 3267 4524 (Provis.
3301 4440 3450 4503 filza
3481 4441 3521 4504 8

696 4582 757 4644 p.
797 4560 954 4643 171),
1004 4559 1165 4623 fehlt
1212 4560 1314 4623 bei
1365 4555 1597 4644 Gaye).

874 4701 953 4764 In
1004 4701 1271 4765 consilio
1320 4701 1625 4786 generali.
1698 4696 1853 4783 (Die
1898 4701 2200 4766 frtiheren
2245 4701 2636 4766 Beschltisse
2682 4696 2948 4783 fehlen.)

873 4818 1039 4881 Item
1087 4840 1280 4903 super
1326 4817 1684 4903 quantitate
1732 4816 2043 4881 librarum
2078 4819 2210 4883 :200
2239 4817 2281 4882 f.
2319 4841 2400 4903 p.,
2448 4818 2526 4881 de
2565 4816 2841 4903 pecunia
2873 4816 3164 4881 comunis
3195 4814 3250 4880 F
3254 4816 3524 4881 lorentie

653 4933 1077 5019 expendenda
1124 4945 1187 4997 et
1234 4933 1577 4997 conuentui
1624 4933 1893 4998 fratrum
1940 4933 2270 4998 Minoi-um
2327 4935 2573 4998 ordinis
2622 4934 2830 4998 sancti
2877 4931 3210 4997 Francisci
3256 4932 3337 4998 de
3380 4932 3526 4996 Flo-

653 5050 859 5114 rentia
914 5073 1028 5113 seu
1082 5049 1433 5133 guardiano
1492 5049 1697 5136 ipsius
1747 5059 2102 5115 conuentus
2153 5060 2216 5115 et
2262 5050 2530 5114 fratrum
2577 5074 2691 5135 pro
2740 5051 2900 5135 ipsis
2950 5058 3275 5114 conuentu
3307 5059 3372 5114 et
3401 5049 3524 5113 fra-

650 5167 856 5230 tribus
916 5165 1129 5230 danda
1185 5176 1249 5229 et
1304 5167 1615 5229 soluenda
1683 5169 2046 5248 occasione,
2117 5166 2304 5231 modo
2355 5179 2418 5230 et
2462 5167 2668 5230 forma
2715 5167 2958 5230 nai-atis
3008 5177 3072 5230 et
3116 5167 3371 5252 plenius
3420 5189 3526 5229 ex-
