4009 5859
2079 399 2209 464 226

699 584 764 637 et
809 572 1244 639 hedifitiorum
1289 574 1725 661 predictorum
1769 577 2023 662 possint
2068 579 2343 662 operarii
2392 578 2665 665 predicti
2714 590 2778 644 et
2808 602 2922 644 seu
2955 578 3078 644 due
3110 591 3326 666 partes
3360 603 3581 646 eorum

703 725 784 733 —
834 714 1044 756 emere
1093 703 1157 755 et
1205 692 1327 756 emi
1376 691 1588 757 facere
1637 691 1716 757 de
1765 715 2168 779 quocumque
2216 705 2469 759 terreno
2518 705 2583 759 et
2630 717 3066 781 quascumque
3114 696 3339 762 domos
3372 707 3437 762 et
3467 720 3581 762 seu

699 817 999 892 apotecas
1049 819 1128 890 et,
1181 809 1235 872 si
1287 807 1567 873 uiderint
1613 809 1934 895 expedire,
1987 833 2097 874 eas
2146 809 2389 875 destrui
2436 809 2647 876 facere
2696 823 2815 877 cet.

919 921 1087 988 Item
1141 924 1316 1009 quod
1369 947 1484 1010 pro
1543 927 2012 991 restauratione
2070 937 2134 990 et
2180 927 2630 992 emendatione
2678 927 3011 992 domorum
3060 938 3124 993 et
3169 939 3580 1014 apotecarum

696 1039 970 1104 ecclesie
1019 1051 1240 1105 sancte
1275 1038 1538 1124 Cecilie‚
1590 1042 2059 1107 destructarum
2109 1053 2190 1126 et,
2243 1067 2323 1108 ex
2371 1044 2605 1130 quibus
2655 1046 2799 1130 ipsa
2834 1046 3109 1111 ecclesia
3140 1047 3482 1132 pensiones
3515 1056 3581 1110 et

695 1155 985 1220 redditus
1042 1157 1420 1242 recipiebat,
1481 1181 1609 1223 non
1669 1158 1904 1224 debeat
1947 1159 2198 1225 restitui
2250 1183 2366 1225 seu
2412 1161 2576 1225 solui
2625 1163 2859 1226 rectori
2907 1163 3113 1249 ipsius
3163 1163 3431 1228 ecclesie
3473 1186 3579 1249 pe-

698 1272 889 1336 cunia
945 1282 1306 1356 numerata3
1367 1273 1483 1338 sed
1531 1274 1702 1359 quod
1749 1298 1863 1362 pro
1912 1276 2193 1341 utilitate
2240 1277 2512 1342 ecclesie
2560 1279 2835 1364 operarii
2884 1278 3053 1344 dicte
3102 1301 3291 1366 opere
3342 1313 3424 1324 —-
3472 1279 3578 1342 de·

697 1389 892 1452 beant
938 1412 1149 1454 emere
1198 1401 1261 1455 et
1309 1413 1422 1454 seu
1470 1391 1594 1455 emi
1643 1390 1852 1456 facere
1902 1403 1996 1457 tot
2041 1394 2217 1458 bona
2261 1394 2621 1460 immobilia
2667 1418 2782 1481 pro
2832 1394 3004 1459 dicta
3050 1395 3325 1460 ecclesia
3356 1406 3578 1460 sancte

696 1502 942 1569 Cecilie
997 1516 1061 1569 et
1116 1507 1253 1571 eius
1309 1507 1600 1589 nomine,
1671 1517 1827 1592 quot
1881 1509 2014 1573 sint
2073 1510 2512 1595 equiualentia
2572 1510 2871 1577 domibus
2918 1522 2984 1576 et
3030 1511 3358 1598 apothecis
3408 1512 3577 1576 dicte

694 1622 993 1706 ecclesie,
1047 1623 1125 1686 de
1174 1624 1459 1710 presenti
1505 1647 1727 1689 mense
1776 1624 2149 1709 destructis,
2203 1637 2268 1690 et
2313 1649 2392 1691 ex
2440 1628 2673 1712 quibus
2722 1629 2867 1714 ipsa
2912 1629 3187 1693 ecclesia
3232 1629 3577 1715 pensiones

695 1747 759 1803 et
805 1759 920 1803 seu
968 1737 1129 1804 alio‘s
1178 1739 1468 1806 redditus
1516 1741 1871 1826 recipiebat
1919 1751 2040 1807 cet.

913 1853 1080 1920 Item
1137 1855 1312 1941 quod
1368 1879 1447 1921 ex
1502 1867 1714 1943 parte,
1775 1859 1842 1922 in
1897 1881 2027 1944 qua
2082 1859 2310 1924 domus
2366 1869 2431 1924 et
2476 1859 2767 1925 hedifitia
2814 1870 2965 1925 sunt
3011 1859 3090 1925 de
3136 1861 3422 1947 presenti
3468 1860 3575 1926 de·

693 1982 939 2037 structa
985 1982 1050 2036 et
1097 1996 1322 2038 uersus
1370 1975 1578 2060 ipsam
1625 1984 1876 2060 partem
1923 1975 2136 2060 platee
2182 1976 2389 2061 possit
2435 1985 2500 2040 et
2546 1976 2778 2042 debeat
2824 1978 2967 2062 ipsa
3012 1978 3229 2063 platea
3273 1977 3571 2063 quadrari

691 2099 756 2153 et
801 2088 885 2153 ad
931 2089 1246 2174 quadrum
1293 2101 1359 2154 et
1402 2089 1470 2154 in
1518 2089 1762 2176 quadro
1810 2090 2279 2156 honorabiliter
2324 2093 2525 2157 actari
2574 2116 2687 2158 seu
2733 2095 2888 2179 poni
2936 2094 3041 2158 uel
3086 2091 3347 2176 reduci,
3385 2105 3577 2180 prout

693 2238 776 2247 —-
834 2227 948 2290 per
1007 2215 1207 2269 totum
1233 2246 1237 2250 -
1265 2215 1632 2291 presentem
1691 2229 1981 2272 mensem
2028 2208 2311 2292 Augusti
2360 2207 2785 2274 deliberatum
2831 2209 3025 2275 fuerit
3074 2245 3157 2254 —-
3204 2232 3319 2296 per
3366 2210 3573 2275 dictos

695 2320 991 2386 dominos
1041 2322 1284 2406 priores
1334 2331 1398 2386 et
1447 2321 1877 2386 uexilliferum
1927 2333 2047 2388 cet.

912 2435 1000 2500 Et
1047 2436 1237 2522 quod,
1289 2438 1345 2502 si
1403 2461 1484 2503 ex
1540 2447 1721 2525 parte
1778 2438 2067 2524 predicta
2123 2441 2292 2506 dicte
2348 2441 2560 2528 platee
2616 2441 2879 2527 aliquod
2926 2453 3252 2509 terrenum
3299 2467 3573 2509 uacuum

690 2561 1068 2635 remaneret,
1119 2551 1198 2617 de
1246 2575 1370 2638 quo
1419 2553 1882 2619 deliberaretur
1930 2590 2012 2598 —
2063 2579 2177 2642 per
2222 2566 2425 2621 totum
2472 2569 2839 2644 presentem
2879 2583 3188 2640 mensem,
3240 2559 3410 2646 quod
3442 2583 3575 2625 non

693 2679 1052 2733 remaneret
1098 2668 1329 2755 platea,
1381 2670 1552 2754 quod
1599 2669 1840 2736 ibidem
1890 2671 1958 2736 in
2003 2682 2138 2737 toto
2189 2673 2291 2737 uel
2338 2673 2404 2736 in
2450 2685 2633 2760 parte
2664 2676 2824 2740 fiant
2854 2687 3134 2760 apotece,
3186 2685 3373 2761 prout
3405 2676 3575 2740 infra

691 2784 930 2849 dictum
1002 2796 1254 2872 tempus
1325 2786 1826 2853 deliberauerint
1883 2799 1948 2853 et
2002 2789 2190 2853 aliter
2244 2813 2401 2874 non,
2474 2801 2539 2854 et
2586 2791 2641 2855 si
2690 2791 3109 2856 deliberatum
3158 2791 3375 2874 fuerit,
3448 2791 3571 2856 hoc

686 2898 932 2964 faciant
977 2902 1114 2966 fieri
1165 2903 1439 2988 operarii
1489 2902 1658 2968 dicte
1706 2926 1896 2990 opere
1943 2905 2247 2990 expensis
2294 2928 2485 2992 opere
2532 2906 2837 2992 predicte.

909 3016 1079 3082 Item
1126 3017 1298 3103 quod
1343 3041 1514 3104 pars,
1564 3043 1689 3105 que
1734 3020 1986 3084 nouiter
2030 3032 2323 3086 remanet
2368 3021 2583 3107 platea
2626 3023 2709 3088 ob
2757 3022 3275 3107 destructionem,
3324 3023 3403 3088 de
3442 3047 3573 3109 qua

688 3157 885 3220 supra
953 3136 1027 3199 fit
1083 3137 1354 3219 mentio,
1407 3136 1640 3201 debeat
1685 3139 2073 3203 amattonari
2120 3139 2424 3224 expensis
2474 3137 2642 3204 dicte
2686 3161 2897 3224 opere,
2947 3151 3138 3225 prout
3182 3140 3306 3206 alie
3353 3151 3568 3226 partes

687 3252 900 3339 platee
948 3250 1236 3339 predicte
1284 3263 1403 3318 cet.

907 3367 1074 3433 Item
1131 3369 1303 3455 quod
1357 3369 1634 3456 operarii
1689 3370 1964 3458 predicti
2025 3406 2107 3415 —
2170 3370 2449 3437 debeant
2504 3371 2715 3438 facere
2786 3373 3084 3437 satisfieri
3158 3372 3563 3459 supradictiS,

686 3486 796 3571 qui
846 3484 1187 3550 debuerint
1231 3487 1516 3573 recipere
1566 3487 2049 3553 emendationes
2100 3511 2319 3553 eorum
2367 3488 2725 3572 domorum,
2774 3481 3213 3574 apotecarum,
3263 3488 3566 3554 fundaco-

683 3625 828 3666 rum
874 3613 940 3666 et
983 3603 1253 3666 aliorum
1301 3601 1735 3669 hedifitiorum
1784 3603 2275 3689 destructorum,
2327 3627 2440 3691 pro
2475 3605 2781 3670 dilatione
2816 3615 2879 3670 et
2908 3615 3203 3691 respectu
3236 3605 3565 3671 dilationis

685 3741 906 3783 eorum
964 3718 1302 3784 solutionis
1358 3729 1422 3783 et
1468 3720 1931 3785 satisfactionis
1979 3731 2067 3804 et,
2128 3743 2244 3806 pro
2294 3742 2495 3805 usque
2542 3743 2667 3806 quo
2716 3721 3016 3786 different
3060 3721 3296 3787 habere
3344 3745 3563 3787 eorum

683 3835 1010 3920 pecuniae„
1063 3871 1145 3880 ——
1193 3836 1354 3922 ipsis
1403 3836 1761 3902 declaratas
1809 3860 1924 3923 pro
1972 3837 2312 3923 predictis,
2363 3847 2428 3901 et
2471 3848 2768 3923 respectu
2814 3838 3036 3922 danni,
3088 3839 3260 3925 quod
3304 3839 3560 3904 interim

682 3955 1045 4040 receperint
1089 3975 1204 4039 pro
1251 3953 1692 4039 pensionibus,
1744 3976 1904 4039 quas
1953 3976 2085 4018 non
2134 3952 2500 4037 soluissent,
2554 3988 2635 3996 —
2684 3964 2874 4040 prout
2914 3955 3288 4020 discretioni
3320 3965 3383 4019 et
3414 3977 3559 4020 con-

683 4071 952 4134 scientie
999 4069 1285 4156 ipsorum
1333 4070 1771 4154 operariorum
1819 4069 2145 4134 uidebitur
2188 4068 2325 4134 fore
2356 4070 2615 4154 iustum,
2668 4080 2731 4135 et
2761 4073 2831 4135 in
2860 4071 2983 4136 hoc
3015 4071 3293 4156 capitulo
3326 4070 3560 4135 intelli-

681 4201 869 4271 gatur
915 4189 1107 4252 etiam
1159 4187 1238 4252 de
1287 4187 1562 4252 ecclesia
1608 4195 1830 4251 sancte
1865 4183 2109 4251 Cecilie
2158 4196 2223 4251 et
2270 4187 2407 4252 eius
2441 4197 2686 4252 rectore
2720 4209 2833 4273 pro
2867 4196 3170 4272 tempore,
3222 4209 3347 4272 quo
3382 4185 3559 4252 diffe-

680 4316 901 4370 rentur
945 4306 1071 4370 emi
1117 4304 1479 4369 immobilia
1523 4325 1638 4389 pro
1688 4301 1861 4366 dicta
1907 4301 2182 4366 ecclesia
2228 4311 2293 4366 et
2332 4323 2445 4388 pro
2477 4301 2841 4368 redditibus
2874 4313 2939 4367 et
2969 4325 3082 4367 seu
3114 4302 3556 4386 pensionibuS‚

681 4443 805 4506 que
851 4420 1112 4485 interim
1157 4443 1287 4484 non
1333 4420 1792 4506 percipiuntur,
1844 4428 1908 4483 et
1952 4419 2317 4504 pensioneS‚
2368 4440 2491 4503 que
2539 4419 2877 4484 soluuntur
2923 4428 3041 4483 cet.

902 4537 1070 4604 Item
1117 4538 1201 4603 ad
1248 4537 1389 4622 hoc,
1443 4547 1510 4601 ut
1558 4535 1726 4600 dicte
1773 4558 1966 4622 opere
2011 4536 2126 4599 fiat
2171 4535 2552 4600 restauratio
2600 4545 2667 4599 et
2711 4557 2825 4600 seu
2872 4535 3147 4600 satisfiat
3194 4534 3273 4598 de
3310 4531 3556 4620 predic-

679 4657 764 4722 tis
819 4665 884 4719 et
943 4665 1037 4738 ut,
1099 4653 1271 4740 quod
1320 4653 1398 4718 de
1446 4653 1744 4738 pecunia,
1803 4653 1886 4718 ad
1934 4654 2175 4718 dictam
2222 4675 2483 4738 operam
2530 4676 2645 4718 seu
2688 4650 3003 4716 fabricam
3051 4651 3379 4737 deputata,
3441 4673 3555 4736 pro

677 4772 986 4858 predictis
1035 4755 1452 4858 expendetur,
1501 4771 1874 4836 restituatur
1919 4769 2046 4855 ipsi
2095 4792 2303 4855 opere,
2355 4768 2527 4855 quod
2581 4791 2661 4834 ex
2702 4790 2873 4832 nunc
2904 4767 2985 4832 de
3018 4767 3293 4852 pecunia
3338 4789 3555 4853 super-

677 4888 1091 4953 habundante
1141 4909 1332 4975 capse
1380 4896 1751 4971 castrorum,
1803 4895 1874 4951 ut
1906 4886 2342 4971 infradicetur,
2392 4887 2757 4972 assignetur
2787 4880 2938 4969 (sic)
2986 4896 3051 4949 et
3082 4907 3163 4950 ex
3192 4906 3365 4950 nunc
3395 4883 3555 4949 assi-

677 5014 873 5091 gnata
912 5015 978 5070 et
1023 5002 1329 5090 deputata
1374 5025 1515 5069 esse
1561 5003 2006 5088 intelligantur
2052 5013 2119 5066 et
2165 5003 2297 5069 sint
2342 5001 2561 5087 uigore
2609 5000 2927 5087 presentis
2974 5002 3136 5085 legis
3182 5000 3265 5066 ad
3315 5000 3553 5064 dictam

677 5142 937 5206 operam
987 5130 1053 5185 et
1096 5120 1224 5206 ipsi
1270 5142 1461 5205 opere
1509 5129 1573 5184 et
1601 5119 1846 5184 fabrice
1877 5127 1942 5182 et
1973 5119 2112 5184 eius
2146 5119 2497 5184 camerario
2528 5140 2643 5203 pro
2676 5118 2821 5202 ipsa
2850 5141 3047 5204 opera
3076 5119 3253 5184 8000
3282 5117 3551 5180 floreno-

675 5260 819 5302 rum
865 5237 1032 5322 auri3
1097 5247 1162 5302 et
1208 5235 1380 5321 quod
1425 5234 1794 5322 incipiendo
1845 5234 1949 5299 die
1996 5243 2060 5299 ct
2106 5257 2145 5300 a
2192 5233 2296 5299 die
2342 5234 2549 5321 primo
2598 5235 2841 5300 mensis
2889 5231 3210 5318 Octobris,
3260 5231 3551 5320 proxime
