4009 5859
1797 431 2068 525 261——

938 749 1006 814 Β.
1076 747 1410 828 ΡοηοηοΙ,
1458 746 1758 831 Gohalte,
1805 751 1991 814 orote
2039 747 2620 835 Vorbereitunqen
2666 751 2797 814 cet.

647 909 704 977 l.
777 911 969 978 Anno
1025 920 1232 995 1376,
1303 876 1650 977 indictione
1697 919 1808 994 14,
1883 911 1987 976 die
2042 923 2213 975 sexto
2260 911 2539 998 Auyusti
2590 908 2835 998 (Opera
2890 911 2995 976 del
3039 911 3295 976 Duomo

421 1028 572 1094 filza
618 1031 660 1095 6
706 1052 766 1116 p.
803 1025 946 1113 5b).

647 1162 910 1230 Taddeo
964 1162 1240 1248 Ristori,
1314 1163 1785 1250 capomagistro
1855 1163 2013 1229 dicti
2082 1165 2321 1251 operis,
2392 1185 2509 1251 pro
2566 1164 2705 1230 eius
2765 1164 2999 1229 salario
3054 1163 3297 1229 mensis

423 1277 470 1344 J
471 1279 604 1364 ulii,
654 1281 948 1367 proxime
993 1281 1302 1368 preteriti,
1349 1281 1628 1347 florenos
1680 1284 1714 1348 7
1765 1282 1906 1348 auri
1951 1276 2085 1366 (fiir
2128 1281 2256 1347 den
2298 1277 2519 1366 Dom).

647 1393 900 1463 Simoni
945 1397 1281 1463 Francisci
1329 1397 1610 1481 Talenti,
1682 1399 1880 1463 etiam
1949 1399 2420 1484 capomagistro
2478 1397 2634 1462 dicti
2683 1397 2922 1484 operiS,
2997 1421 3111 1485 pro
3160 1397 3299 1463 eius

425 1511 660 1578 salario
707 1515 950 1579 mensis
994 1511 1041 1578 J
1044 1515 1176 1598 ulii,
1225 1515 1516 1600 proxime
1563 1515 1872 1601 preteriti,
1921 1515 2201 1580 florenos
2251 1517 2285 1581 7
2338 1515 2476 1580 auri
2523 1513 2653 1598 (fiir
2697 1513 2824 1579 den
2869 1510 3087 1597 Dom).

650 1682 716 1748 2.
789 1685 919 1749 Die
963 1683 1185 1751 XVII
1223 1683 1608 1771 Septembris
1654 1681 1740 1768 (a.
1776 1707 1832 1749 a.
1868 1684 1946 1749 O.
1994 1708 2059 1771 p.
2098 1680 2276 1767 10a).

651 1817 912 1883 Taddeo
959 1817 1208 1883 Ristori
1255 1827 1319 1882 et
1677 1823 1704 2000 }
1750 1819 2242 1905 capomagistris
2298 1817 2453 1882 dicti
2501 1818 2732 1904 operiS,
2790 1840 2905 1904 pro
2952 1816 3091 1882 eius
3147 1811 3300 1899 (sic)

649 1929 900 1999 Simoni
947 1931 1002 1997 F
1005 1934 1279 1999 rancisci
1343 1933 1618 2017 Talenti,

425 2070 544 2113 nos
595 2051 629 2115 7
681 2050 819 2116 auri
864 2045 1113 2134 (Dom).

1748 1935 1982 2000 salario
2077 1942 2141 1999 et
2228 1956 2399 2021 paga
2486 1934 2729 2000 mensis
2805 1933 3044 2018 Agusti
3118 1931 3299 1996 fiore-

649 2215 712 2283 3.
783 2219 914 2284 Die
957 2232 1128 2284 sexto
1180 2219 1475 2286 octubris
1519 2217 1605 2305 (a.
1639 2244 1696 2286 a.
1734 2219 1814 2287 Ο.
1861 2243 1923 2308 p.
1963 2223 2042 2286 11
2060 2216 2146 2305 a).

651 2349 949 2438 Operarii
995 2353 1288 2440 predicti,
1339 2355 1406 2419 in
1455 2355 1802 2420 sufficienti
1847 2378 2116 2420 numero
2164 2355 2534 2441 congregati
2575 2354 2645 2419 in
2679 2353 2867 2418 domo
2901 2351 3059 2416 dicti
3091 2351 3302 2438 operis

425 2490 540 2553 pro
589 2489 810 2532 eorum
855 2469 1130 2535 offitium
1175 2470 1562 2554 exercendo,
1615 2512 1698 2521 —
1746 2471 2191 2559 prouiderunt,
2242 2471 2415 2557 quod
2462 2469 2763 2535 Taddeus
2810 2468 3085 2550 Ristori,
3136 2489 3303 2532 unus

425 2607 507 2649 ex
563 2582 1100 2672 capudmagistris
1149 2586 1306 2650 dicti
1354 2588 1566 2674 operis
1611 2583 1858 2671 (Dom),
1907 2587 2307 2672 intelligatur
2353 2609 2497 2653 esse
2544 2596 2609 2650 et
2655 2586 2741 2650 sit
2788 2583 3304 2670 capudmagister

428 2699 498 2764 in
567 2721 760 2785 opere
829 2710 895 2765 et
958 2701 1250 2768 hedifitio
1322 2727 1436 2769 seu
1507 2705 1984 2770 constructione
2042 2704 2253 2790 loggie
2309 2704 2520 2790 platee
2568 2702 2973 2767 dominorum
3019 2702 3306 2787 priorum

428 2817 665 2882 artium
711 2827 775 2882 et
818 2817 1164 2884 uexilliferi
1210 2820 1457 2886 iustitie
1505 2820 1724 2907 populi
1774 2829 1838 2884 et
1885 2821 2175 2884 comunis
2216 2818 2546 2884 Florentie
2591 2842 2705 2905 pro
2752 2827 3039 2904 tempore
3087 2825 3151 2881 et
3180 2825 3303 2881 ter-

426 2933 602 2998 mino
650 2933 840 3016 unius
889 2935 1158 3017 mensiS,
1232 2935 1424 3000 hodie
1479 2937 1738 3021 initiati,
1789 2958 1932 3000 cum
1979 2937 2213 3001 salario
2263 2945 2600 3017 consueto,
2674 2956 2793 2999 sua
2838 2933 3171 3015 electione,
3223 2933 3303 2997 de

427 3048 600 3113 dicto
647 3072 838 3135 opere
885 3061 1108 3116 sancte
1154 3049 1534 3139 Reparate²)
1583 3103 2013 3118 .........
2061 3049 2322 3136 (fienda,
2358 3046 2717 3133 duranteP).
2800 3067 2809 3074 ·
3076 3043 3081 3046 ’

650 3165 817 3230 Item
864 3167 1221 3252 elegerunt,
1283 3169 1780 3234 nominauerunt
1825 3178 1890 3234 et
1937 3169 2406 3255 deputauerunt
2450 3167 2873 3232 Laurentium
2920 3187 3025 3231 ser
3068 3163 3297 3228 Jacobi

430 3277 698 3364 Cecchi,
772 3283 981 3347 ciuem
1026 3283 1499 3368 Florentinum,
1573 3285 1636 3351 in
1708 3287 2111 3371 prouisorem
2180 3294 2245 3350 et
2310 3283 2731 3349 rationerium
2774 3283 2843 3346 in
2890 3281 3062 3346 dicto
3110 3301 3302 3365 opere

431 3394 600 3462 dicte
667 3397 878 3484 loggie
945 3421 1061 3485 pro
1129 3410 1416 3486 tempore
1487 3411 1552 3465 et
1617 3402 1893 3466 termino
1951 3411 2017 3466 et
2074 3424 2219 3466 cum
2276 3399 2513 3466 salario
2560 3407 2625 3464 et
2670 3397 2989 3480 mercede,
3066 3395 3301 3481 quibus

431 3511 754 3578 uidebitur
800 3524 864 3578 et
907 3515 1190 3601 placebit
1237 3517 1426 3582 dictis
1474 3518 1806 3604 operariis,

651 3679 719 3746 4.
791 3684 922 3748 Die
967 3691 1007 3748 6
1058 3685 1353 3751 octubris
1399 3684 1484 3770 (a.
1520 3711 1577 3752 a.
1611 3686 1690 3753 O.
1741 3710 1801 3773 p.
1839 3689 1918 3752 11
1935 3681 2027 3771 b).

652 3815 820 3880 Item
869 3819 1040 3902 quod
1086 3819 1167 3884 de
1211 3821 1539 3906 magistris
1588 3829 1653 3885 et
1697 3821 2146 3886 manoualibus
2196 3819 2349 3884 dicti
2398 3819 2611 3905 operis
2659 3813 2888 3902 (Dom)
2935 3815 3175 3880 uadant
3220 3813 3303 3878 ad

428 3930 854 3997 laborandum
923 3934 990 3998 in
1062 3934 1233 4000 dicto
1303 3959 1495 4022 opere
1566 3937 1737 4002 dicte
1803 3937 2015 4023 loggie
2080 3938 2121 4001 8
2186 3935 2480 4021 magistri
2538 3945 2601 3999 et
2668 3937 2747 3999 10
2792 3931 3163 3998 manouales
3222 3930 3303 3995 ad

429 4045 830 4112 uoluntatem
875 4071 1009 4134 seu,
1059 4073 1222 4137 quos
1269 4053 1444 4116 uolet
1489 4062 1554 4118 et
1597 4054 1960 4119 nominabit
1991 4052 2312 4138 TaddeuS,
2362 4051 2671 4136 magister
2716 4048 3061 4136 predictuS,
3113 4056 3176 4111 et
3209 4046 3303 4111 eis

429 4160 715 4228 soluatur
759 4187 875 4250 pro
923 4164 1094 4231 dicto
1143 4190 1335 4254 opere
1379 4168 1610 4254 loggie.

651 4331 718 4399 5.
792 4336 923 4400 Die
967 4336 1036 4402 X
1085 4337 1378 4403 Octubrie
1425 4341 1512 4417 (a.
1547 4363 1604 4404 a.
1639 4339 1718 4406 O.
1769 4364 1830 4427 p.
1870 4343 1946 4406 11
1964 4337 2057 4422 b).

651 4467 934 4535 Bencius
982 4468 1208 4536 Oionis
1388 4475 1890 4559 capudmagistri
1961 4475 2118 4540 dicti
2187 4475 2399 4561 operis
2454 4469 2703 4557 (Dom),
2753 4472 3181 4537 constiterunt
3235 4468 3305 4534 in

653 4579 879 4649 Simon
925 4585 979 4648 F
982 4587 1258 4651 rancisci
1387 4591 1715 4675 presentia
1769 4591 2089 4655 dictorum
2134 4592 2177 4656 4
2237 4590 2674 4676 operariorum
2723 4627 2806 4636 —
2854 4596 2919 4650 et
2965 4595 3307 4650 suaserunt

655 4696 956 4766 Taddeus
1001 4701 1267 4787 Ristori,
1388 4705 1579 4771 dictis
1626 4707 1956 4792 operariis,
2010 4706 2181 4792 quod
2228 4706 2353 4791 ipsi
2387 4704 2683 4769 uiderent
2714 4725 3031 4768 marmum
3062 4700 3300 4786 album,

610 4916 650 4983 ¹)
688 4915 792 4971 Die
837 4917 967 4972 zwci
1016 4918 1307 4991 folgenden
1345 4920 1734 4976 Schlussworte
1779 4921 1923 4976 kann
1968 4921 2056 4975 ich
2102 4922 2251 4975 nicht
2288 4921 2581 4975 entziffern.
2654 4919 2749 4974 Ich
2783 4919 2937 4973 rathe
2974 4917 3088 4972 auf:
3126 4917 3307 4972 fienda

433 5002 658 5058 durante
705 5004 862 5073 (oder
911 5006 978 5061 de
1021 5009 1286 5077 ratione?)
1361 5009 1642 5064 Inhaltlich
1689 5009 1904 5082 wichtig
1941 5009 2065 5064 sind
2102 5011 2191 5065 die
2227 5009 2423 5064 beiden
2460 5009 2653 5064 Worte
2690 5009 2851 5078 nicht,
2900 5007 3125 5062 deshalb
3167 5008 3305 5080 gebe

430 5092 516 5145 ich
555 5092 652 5146 das
690 5093 1004 5163 Facsimile,
1043 5095 1270 5150 welches
1309 5097 1393 5150 ich
1430 5117 1538 5151 von
1573 5098 1734 5152 ihnen
1785 5117 2102 5170 genommen
2148 5097 2305 5168 habe,
2352 5098 2469 5152 hier
2516 5097 2664 5151 nicht
2710 5099 2821 5152 boi:
2901 5097 3015 5150 Der
3059 5095 3191 5151 Sinn
3234 5097 3307 5150 ist

430 5180 570 5235 wohl
609 5182 730 5251 (wie
767 5181 903 5236 auch
939 5201 1034 5238 aus
1075 5184 1172 5238 der
1207 5184 1496 5257 folgenden
1531 5186 1814 5242 Provision
1855 5187 2223 5259 hervorgeht),
2264 5187 2391 5241 dass
2430 5185 2654 5240 Taddeo
2696 5185 2751 5239 di
2788 5185 3003 5240 Ristoro
3045 5184 3303 5241 ebenfalls

431 5269 904 5327 Dombaumeiste'r
937 5271 1153 5327 bloiben
1191 5273 1365 5331 sollte.
2277 5272 2285 5280 ’
