4009 5859
2081 424 2212 488 244

695 600 845 682 bus,
898 599 1007 684 qui
1054 597 1292 664 habere
1349 598 1706 683 debebunt,
1759 602 1972 664 ualeat
2026 601 2273 686 integre
2330 602 2662 684 sat-isfieri3
2732 641 2815 650 —
2872 641 2955 650 —
3020 602 3190 666 unde
3241 627 3352 688 pro
3400 613 3581 689 parte

695 714 985 800 predicta
1065 715 1328 800 petitur,
1411 724 1728 801 quatenus
1807 717 2023 800 uobis,
2109 717 2387 782 dominis
2468 717 2812 782 antedictis
2890 717 3141 803 placeat
3218 757 3299 766 -
3370 719 3580 804 proui-

698 828 866 912 dere,
930 870 1010 878 —-
1074 830 1247 916 quod
1295 831 1593 896 consules
1644 831 1812 896 dicte
1870 833 2027 897 artis
2074 833 2257 898 Lane
2306 843 2370 898 et
2415 833 2694 925 operarii
2740 833 2910 898 dicte
2958 857 3149 920 opere
3200 869 3283 878 —-
3328 835 3584 921 possint

696 944 847 1009 hinc
903 945 984 1009 ad
1054 969 1167 1031 per
1225 956 1430 1011 totum
1488 971 1777 1013 mensem
1832 949 2047 1032 Junii,
2121 950 2411 1034 proxime
2460 951 2760 1032 secuturi,
2816 985 2897 994 --
2948 949 3274 1014 declarare
3330 950 3580 1035 quanti-

697 1069 861 1124 tates
921 1063 1218 1146 pecunie,
1283 1061 1360 1126 de
1420 1063 1656 1148 quibus
1715 1065 1807 1128 eis
1860 1101 1942 1110 --
1989 1064 2317 1130 uidebitur
2375 1065 2609 1131 debere
2658 1066 2821 1132 solui
2872 1077 2935 1130 et
2983 1066 3122 1131 dari
3168 1067 3468 1132 omnibus
3516 1077 3583 1130 et

698 1177 971 1261 singulis
1025 1212 1100 1243 —.
1155 1179 1584 1262 dannificatiS,
1634 1213 1716 1224 --
1767 1191 1831 1245 et
1877 1181 2051 1266 quod
2100 1222 2181 1229 —
2231 1181 2517 1266 quelibet
2565 1181 2915 1246 declaratio
2949 1181 3183 1246 debeat
3214 1183 3577 1264 obseruari3

697 1315 772 1356 ac
837 1293 1033 1356 etiam
1104 1335 1184 1342 —
1259 1294 1537 1359 debeant
1605 1296 1953 1360 sollicitare
2023 1307 2089 1361 et
2144 1299 2285 1362 fieri
2343 1298 2553 1362 facere
2610 1321 2781 1362 noua
2837 1298 3129 1363 hedifitia
3185 1323 3265 1364 ex
3310 1309 3579 1385 utraque

696 1419 877 1495 parte
939 1409 1109 1474 dicte
1165 1411 1295 1494 uie,
1355 1434 1477 1497 que
1533 1411 1666 1476 sint
1718 1412 1942 1498 pulcra
1999 1422 2063 1477 et
2118 1425 2345 1479 ornata
2391 1414 2472 1478 ad
2519 1413 3009 1480 similitudinem
3056 1414 3332 1479 hedifitii
3377 1415 3579 1501 partis

703 1524 1100 1610 Guelforum,
1153 1527 1492 1592 existentis
1540 1528 1722 1592 iuxta
1768 1529 1940 1592 uiam
1987 1529 2343 1615 predictam
2394 1540 2513 1594 cet.

919 1643 1085 1707 Item
1166 1643 1420 1729 possint
1501 1655 1564 1708 et
1644 1643 1924 1709 debeant
2002 1645 2215 1710 facere
2292 1669 2408 1732 per
2484 1631 2908 1711 camerarium
2986 1647 3157 1711 dicte
3240 1670 3430 1733 opere
3502 1647 3581 1712 de

696 1759 972 1842 pecunia
1028 1759 1128 1823 sui
1186 1761 1640 1825 camerariatus
1701 1761 1867 1825 solui
1925 1772 1990 1826 et
2050 1763 2349 1827 satisfieri
2407 1763 2715 1849 predictis
2774 1763 3186 1828 dannificatis
3244 1773 3309 1828 et
3356 1763 3581 1828 danni-

695 1873 972 1940 ficandis
1023 1884 1141 1940 cet.
1189 1859 1202 1868 ⁵

920 1989 1088 2055 Item
1143 1992 1314 2078 quod
1373 1993 1710 2057 camerarii
1771 2015 2022 2060 camere
2083 1993 2237 2059 dicti
2308 1997 2600 2061 comunis
2657 2029 2731 2040 -
2787 1995 3066 2061 debeant
3135 1996 3213 2060 de
3284 1996 3577 2082 pecunia,

699 2130 820 2192 que
869 2108 1538 2193 superhabundauerit
1583 2109 1662 2173 de
1709 2119 1996 2196 tempore
2043 2111 2113 2174 in
2160 2123 2413 2196 tempus
2462 2134 2655 2198 capse
2704 2122 3062 2176 castrorum
3104 2111 3274 2177 dicte
3306 2133 3577 2194 camere,

698 2223 850 2287 dare
909 2233 974 2287 et
1031 2223 1280 2288 soluere
1337 2246 1452 2311 pro
1514 2225 1726 2289 causis
1789 2226 2133 2291 antedictis
2198 2229 2551 2306 camerario
2614 2228 2785 2292 dicte
2847 2251 3039 2313 opere
3102 2227 3268 2292 ultra
3329 2227 3580 2312 quanti-

697 2349 917 2422 tatem,
969 2339 1130 2405 alias
1164 2339 1602 2424 deliberatam,
1655 2341 1723 2405 in
1770 2364 2023 2406 summa
2068 2343 2345 2408 florenos
2384 2346 2557 2409 1950
2589 2345 2746 2429 auri,
2802 2378 2881 2388 —-
2933 2355 2996 2407 et
3042 2343 3213 2428 quod
3262 2342 3583 2428 completa

697 2455 1018 2520 solutione
1082 2457 1424 2520 cuiuslibet
1479 2456 1742 2521 alterius
1800 2458 2210 2542 quantitatis,
2273 2482 2395 2545 que
2452 2461 2590 2524 fieri
2663 2459 2854 2525 debet
2923 2460 3001 2524 de
3072 2460 3347 2546 pecunia
3410 2459 3581 2523 dicte

701 2595 890 2658 capse
940 2571 1109 2637 dicte
1157 2596 1348 2658 opere
1397 2574 1762 2638 successiue
1811 2585 1875 2638 et
1922 2574 2300 2660 inmediate,
2352 2577 2554 2640 finitis
2603 2577 3001 2662 quibuslibet
3048 2576 3297 2641 duobus
3346 2575 3579 2640 mensi.-

699 2687 846 2770 bus,
921 2687 1216 2752 uideatur
1283 2711 1398 2774 per
1466 2689 1851 2755 camerarios
1922 2713 2037 2754 seu
2108 2691 2471 2776 prouisores
2544 2701 2655 2756 aut
2723 2693 3057 2757 scribanos
3128 2715 3377 2756 camere
3442 2715 3580 2777 pre-

701 2803 872 2868 dicte
929 2804 1092 2869 ratio
1155 2804 1234 2869 de
1291 2806 1593 2891 pecunia,
1653 2807 1969 2871 existente
2038 2831 2151 2872 seu
2218 2831 2362 2873 esse
2434 2808 2707 2873 debente
2778 2817 2931 2872 tunc
3001 2809 3069 2872 in
3143 2807 3317 2872 dicta
3386 2829 3583 2892 capsa

701 2929 1054 2986 castrorum
1102 2933 1221 2987 c-et.
1970 2922 1979 2930 ’

923 3034 1150 3120 (Diese
1198 3036 1482 3103 Petition
1529 3037 1684 3123 geht
1731 3034 1984 3122 durch.)

922 3153 1052 3218 Die
1097 3160 1181 3217 30
1237 3155 1463 3219 Martii
1505 3151 1752 3241 (Opera
1799 3154 1904 3219 del
1950 3154 2206 3220 Duomo
2252 3157 2403 3220 filza
2449 3157 2533 3222 29
2582 3179 2641 3242 p.
2695 3159 2775 3222 37
2792 3153 2875 3238 a).

927 3265 1179 3333 Sandro
1225 3268 1464 3334 Maccii
1705 3271 2061 3356 magistris,
2135 3273 2246 3356 qui
2317 3273 2792 3336 extimauerunt
2862 3271 3085 3336 domos
3155 3271 3300 3337 Orti
3372 3272 3579 3336 sancti

922 3383 1102 3470 Lapo
1149 3383 1414 3449 Martini
1702 3386 2035 3452 Miccaelis
2098 3373 2293 3451 iuxta
2334 3388 2563 3452 turrim
2622 3411 2734 3452 seu
2782 3397 2989 3452 turres
3038 3387 3117 3451 de
3164 3386 3576 3472 BonaguisiS,

922 3497 1208 3563 Johanni
1254 3499 1527 3564 Mercati
1705 3501 1972 3566 cuilibet
2041 3525 2259 3567 eorum
2330 3526 2445 3588 pro
2516 3525 2633 3568 suo
2700 3502 2934 3567 salario
3006 3513 3071 3568 et
3137 3503 3431 3567 mercede
3494 3537 3577 3546 —

922 3615 1116 3699 Nigio
1163 3616 1448 3701 Angenii
1704 3616 1904 3682 libras
1953 3619 1992 3682 2
2042 3617 2085 3682 f.
2135 3641 2230 3703 p.‚
2283 3640 2441 3703 quas
2488 3619 2641 3704 poni
2690 3617 3159 3684 mandauerunt
3205 3618 3285 3682 ad
3336 3619 3575 3683 exitum

922 3732 1212 3796 Antonio
1245 3730 1545 3814 Maccini,
2523 3733 2753 3818 platee.

922 3847 1112 3912 Anno
1160 3853 1359 3927 1390,
1408 3850 1510 3912 die
1555 3851 1853 3933 viyesimo
1903 3851 2131 3913 mensis
2178 3850 2427 3933 Aprilis
2476 3845 2560 3930 (a.
2610 3873 2666 3913 a.
2719 3848 2797 3914 O.
2847 3873 2907 3935 p.
2956 3851 3040 3914 41
3058 3845 3146 3933 b).

919 3963 1188 4028 Locatio
1235 3964 1551 4028 bonorum
1599 3964 1870 4029 ecclesie
1904 3976 2125 4030 sancte
2154 3962 2417 4048 Cecilie,
2468 3964 2881 4030 rehedificate
2914 3989 3027 4050 per
3060 3965 3385 4051 operarios
3422 3965 3577 4030 dicti

700 4081 938 4166 operis:
987 4079 1347 4144 Domenico
1395 4079 1552 4144 olim
1597 4077 1790 4162 Pieri,
1843 4081 2107 4165 vaiario,
2158 4082 2377 4167 populi
2427 4083 2633 4146 sancti
2676 4081 2853 4145 Petri
2886 4081 3155 4148 Maioris
3205 4082 3284 4146 de
3316 4081 3369 4145 F
3371 4082 3577 4146 loren-

697 4197 816 4278 tia,
868 4219 1062 4259 unam
1117 4195 1496 4280 apothecam
1543 4217 1690 4259 cum
1734 4196 1947 4281 palc0,
1998 4197 2277 4282 positam
2320 4195 2647 4262 Florentie
2694 4199 2764 4262 in
2813 4198 2920 4262 uia
2966 4198 3045 4262 de
3080 4197 3571 4280 Vacchereccia,

699 4312 1090 4376 confinatam
1139 4333 1178 4374 a
1206 4305 1272 4392 1)
1320 4310 1494 4375 dicta
1540 4311 1663 4394 uia,
1715 4307 1846 4392 a2)
1894 4312 2109 4397 pla-tea
2155 4311 2558 4377 dominorum
2606 4315 2891 4400 priorum
2938 4315 3191 4396 artium,
3242 4337 3281 4378 a
3306 4309 3374 4394 3)
3407 4312 3577 4377 dicte

699 4427 995 4509 ecclesie,
1069 4421 1202 4508 a4)
1269 4426 1680 4513 infrascripta
1748 4428 2087 4514 apotheca,
2152 4463 2229 4472 —
2298 4453 2414 4515 pro
2484 4439 2771 4516 tempore
2840 4440 2905 4493 et
2973 4430 3247 4493 termino
3306 4428 3577 4494 duorum

698 4565 1030 4624 annorum,
1081 4543 1371 4627 proxime
1419 4553 1852 4628 uenturorum,
1901 4544 2367 4610 initiandorum
2416 4547 2483 4610 in
2530 4545 2823 4611 kalendis
2871 4545 3031 4611 Maii
3081 4555 3199 4609 cet.
3248 4615 3251 4620 ,

918 4657 1086 4722 Item
1139 4655 1228 4744 (p.
1278 4653 1444 4740 43a)
1503 4657 1692 4724 Piero
1739 4660 2008 4724 Naldini
2065 4663 2410 4747 quamdam
2457 4662 2862 4748 apothecam,
2923 4662 3198 4746 positam
3248 4660 3575 4727 Florentie

697 4774 766 4836 in
836 4773 1072 4868 populo
1121 4787 1341 4838 sancte
1390 4770 1659 4858 Cecilie,
1709 4776 1780 4839 in
1841 4777 1948 4840 uia
2006 4777 2083 4842 de
2136 4776 2627 4861 Vacchereccia,
2678 4779 2860 4842 iuxta
2908 4778 3146 4842 dictam
3194 4779 3573 4864 apothecam

698 4911 893 4974 supra
938 4888 1234 4972 locatam,
1287 4925 1369 4933 —-
1419 4891 1521 4955 cui
1564 4914 1603 4954 a
1630 4886 1695 4974 1)
1730 4891 1902 4956 dicta
1933 4893 2059 4976 uia,
2110 4917 2149 4958 a
2174 4891 2243 4975 2)
2276 4895 2591 4980 apotheca
2623 4917 2817 4980 supra
2848 4895 3187 4977 confinata,
3240 4918 3279 4960 a
3304 4893 3372 4978 3)
3405 4896 3575 4960 dicte

697 5003 988 5086 ecclesie,
1039 4999 1171 5088 a4)
1218 5004 1527 5070 heredum
1560 5005 1614 5070 F
1617 5008 1893 5072 rancisci
1927 5005 2219 5095 Spinelli,
2273 5046 2356 5054 -
2404 5033 2519 5096 pro
2566 5020 2853 5095 tempore
2902 5019 2965 5075 et
2994 5011 3270 5078 termino
3305 5013 3573 5078 duorum

697 5143 1010 5184 annorum
1059 5129 1178 5184 cet.
1228 5115 1378 5203 (wie
1426 5117 1641 5204 oben).

920 5236 1050 5300 Die
1097 5239 1278 5301 tertio
1325 5241 1556 5302 mensis
1601 5239 1791 5302 Junii
1833 5235 1918 5322 (a.
1967 5262 2023 5303 a.
2076 5241 2153 5305 O.
2204 5264 2265 5326 p.
2316 5237 2504 5324 82b).
