4009 5859
2090 412 2222 475 254

711 583 883 649 intra
930 586 1104 671 ipsas
1154 585 1500 670 mediante,
1554 610 1675 673 que
1722 590 1930 674 posite
1979 599 2131 654 sunt
2176 590 2244 653 in
2291 590 2554 654 ciuitate
2585 589 2930 676 Florentie,
2982 594 3049 657 in
3096 593 3333 680 populo
3380 595 3587 660 saneti

708 701 886 767 Petri
933 699 1302 788 Scheradii,
1363 705 1596 790 quibus
1653 728 1734 770 ex
1791 715 1970 791 parte
2029 705 2336 771 anteriori
2396 707 2505 770 uia
2552 707 2630 772 de
2676 707 3149 773 Vacchereecia
3194 733 3308 774 seu
3375 709 3593 796 platea

711 820 1084 905 supradicta
1127 816 1276 904 (D);
1349 846 1430 886 ex
1477 822 1605 886 alio
1655 822 1850 886 latere
1899 845 2125 886 uersus
2174 823 2513 888 ecclesiam
2568 825 2775 889 sancti
2822 823 2999 889 Petri
3050 827 3321 912 predicti
3367 850 3587 894 murus

712 934 868 999 dicti
925 938 1216 1002 comunis
1265 935 1334 1020 (2
1382 961 1549 1024 resp.
1599 933 1739 1021 4a.)
1796 949 1860 1002 et
1905 961 1987 1002 ex
2036 938 2163 1002 alio
2209 939 2408 1003 latere
2464 939 2691 1016 domus
2740 940 2895 1005 olim
2942 941 3186 1006 domini
3233 942 3588 1027 Biuigliani

712 1053 789 1118 de
836 1053 1238 1120 Baroncellis
1287 1067 1349 1120 et
1396 1055 1586 1120 hodie
1638 1106 1962 1120 .......
2018 1056 2095 1119 de
2132 1056 2532 1120 Baroncellis
2558 1053 2605 1139 ¹)
2654 1057 2731 1121 de
2764 1056 3095 1122 Florentia
3125 1056 3195 1141 (6
3210 1082 3267 1123 a.
3301 1061 3364 1124 b.
3405 1062 3461 1126 7.
3494 1054 3585 1142 ‘?)3

711 1193 794 1234 ex
862 1180 1042 1256 parte
1114 1195 1264 1236 uero
1333 1173 1676 1258 posteriori
1748 1172 1978 1237 domus
2025 1182 2279 1236 monete
2351 1195 2465 1236 seu
2520 1173 2750 1253 cecche
2822 1175 3112 1240 comunis
3182 1175 3453 1261 predicti
3525 1186 3590 1240 et

711 1285 782 1350 in
847 1273 1029 1372 parte
1078 1288 1208 1352 alia
1255 1289 1480 1354 domus
1531 1287 1685 1353 dicti
1734 1288 1890 1353 Dini
1939 1287 2083 1372 (511.
2133 1284 2237 1373 e.),
2296 1299 2361 1354 et
2419 1291 2476 1355 si
2531 1291 2639 1376 qui
2697 1291 2807 1355 alii
2867 1291 3082 1378 plures
3140 1302 3251 1356 aut
3304 1292 3587 1357 ueriores

712 1411 863 1466 sunt
894 1405 1209 1488 confines;
1259 1406 1351 1470 ita
1382 1404 1551 1492 quod
1586 1428 1625 1469 a
1655 1405 1972 1492 principio
2008 1406 2322 1470 dictarum
2356 1406 2692 1473 domorum
2724 1432 2801 1472 ex
2839 1408 3010 1474 dicto
3048 1408 3250 1474 latere
3282 1407 3586 1474 anteriori

712 1542 938 1585 uersus
984 1521 1265 1607 plateam
1309 1523 1664 1608 predictam
1713 1545 1913 1608 usque
1963 1523 2045 1587 ad
2092 1524 2258 1588 latus
2292 1525 2613 1610 posterius
2661 1524 2947 1611 ipsarum
2978 1524 3313 1590 domorum
3359 1547 3585 1590 uersus

708 1645 960 1722 partem
1017 1639 1362 1702 australem
1421 1648 1485 1703 et
1540 1639 1712 1703 intra
1769 1639 2092 1724 predictos
2151 1641 2437 1706 confines
2494 1641 2829 1705 domorum
2882 1641 3318 1727 predictarum
3379 1640 3587 1706 solum

712 1773 826 1816 seu
871 1761 1196 1819 terrenum
1241 1753 1528 1840 ipsarum
1577 1755 1927 1839 domorum,
1980 1766 2052 1820 ut
2099 1744 2343 1821 dictum
2388 1768 2504 1840 est,
2569 1756 3069 1840 uendendarum,
3134 1757 3219 1821 sit
3264 1757 3333 1822 in
3379 1767 3586 1822 totum

713 1869 843 1934 790
883 1868 1186 1934 bracchia
1234 1869 1478 1956 quadra
1508 1873 1744 1935 terreni
1793 1872 1874 1936 ad
1922 1883 2169 1936 rectum
2200 1873 2575 1938 bracchium
2623 1895 2826 1938 caune
2858 1870 3255 1954 Florentine,
3305 1873 3584 1938 dominis

709 1983 1034 2069 prioribus
1083 1985 1318 2049 artium
1365 1996 1428 2050 et
1460 1987 1820 2052 uexillifero
1867 1988 2112 2052 iustitie
2144 1988 2365 2074 populi
2413 2000 2475 2053 et
2522 1990 2812 2054 comunis
2852 1989 3179 2054 Florentie
3226 1989 3331 2054 uel
3377 1989 3580 2071 alteri,

711 2121 827 2184 pro
877 2099 1047 2166 dicto
1097 2103 1355 2166 comuni
1401 2103 1757 2189 recipienti,
1807 2103 1890 2168 ad
1934 2102 2323 2188 habendum,
2376 2105 2726 2168 tenendum
2772 2115 2835 2169 et
2880 2105 3345 2192 possidendum
3389 2146 3472 2154 —
3522 2114 3587 2168 et

710 2239 856 2280 cum
902 2217 1078 2281 omni
1146 2217 1284 2282 iure
1333 2228 1396 2282 et
1443 2219 1714 2303 actione,
1793 2243 1910 2284 usu
1956 2243 2070 2284 seu
2139 2221 2466 2306 requisitis
2516 2220 2706 2296 dictis
2753 2223 2964 2304 rebUS,
3038 2230 3106 2284 ut
3175 2220 3417 2285 dictum
3465 2230 3580 2304 est,

709 2332 1119 2398 uendendum
1168 2334 1272 2398 uel
1317 2335 1603 2420 ipsorum
1649 2336 1840 2400 alicui
1891 2360 2005 2401 seu
2054 2336 2225 2401 dicto
2272 2337 2447 2401 Dino
2498 2337 2600 2400 uel
2646 2339 2783 2400 eius
2831 2336 3175 2402 heredibus
3223 2338 3290 2401 in
3338 2337 3433 2400 eis
3482 2337 3585 2401 uel

711 2472 824 2536 pro
873 2451 966 2516 eis
1014 2453 1225 2535 rebuS,
1277 2493 1360 2501 —-
1409 2477 1527 2540 pro
1574 2454 1780 2539 pretio
1829 2463 1892 2517 et
1937 2454 2200 2518 nomine
2239 2454 2430 2541 pretii
2477 2454 2865 2518 florenorum
2914 2453 3051 2517 auri
3086 2453 3263 2517 2500
3308 2461 3462 2534 cet.;
3499 2493 3581 2502 -—

708 2577 772 2631 et
818 2567 991 2652 quod
1048 2568 1126 2632 de
1185 2569 1345 2654 ipsis
1394 2571 1831 2635 contractibus
1878 2571 1983 2635 uel
2031 2571 2247 2655 aliquo
2295 2570 2583 2656 ipsorum
2632 2570 2811 2633 nulla
2853 2570 2969 2632 fiat
3016 2568 3120 2632 uel
3164 2567 3305 2631 fieri
3354 2567 3587 2631 debeat

707 2682 940 2749 solutio
982 2684 1232 2769 gabelle
1281 2695 1740 2769 contractuum,
1797 2709 1919 2750 nec
1965 2686 2211 2771 aliquid
2258 2709 2373 2771 pro
2423 2686 2597 2749 dicta
2642 2685 2897 2770 gabella
2943 2707 3059 2768 seu
3104 2685 3364 2748 nomine
3414 2683 3583 2747 dicte

705 2798 958 2882 gabelle
1005 2799 1168 2864 solui
1219 2799 1451 2864 debeat
1497 2801 1788 2886 seupeti
1837 2801 2050 2865 ualeat
2096 2824 2348 2886 quoquo
2396 2801 2606 2866 modo,

925 2914 1095 2980 Item
1164 2915 1334 3001 quod
1403 2917 1790 3001 quicumque
1862 2917 2197 2980 camerarii
2262 2939 2375 2982 seu
2423 2918 2761 2981 tesaurarii
2833 2917 2934 2980 uel
2992 2915 3256 2980 cassarii
3326 2923 3582 2980 monete

705 3054 820 3094 seu
874 3029 1124 3115 cecche,
1199 3031 1336 3095 siue
1405 3031 1592 3095 offitii
1661 3042 1915 3096 monete
1986 3056 2099 3096 seu
2156 3033 2387 3114 cecche
2456 3034 2747 3098 comunis
2814 3033 3143 3098 Florentie
3218 3031 3473 3117 possint
3520 3040 3583 3095 et

704 3156 1043 3211 teneantur
1098 3157 1160 3211 et
1208 3146 1486 3212 debeant
1533 3188 1614 3196 —
1673 3147 1824 3212 dare
1885 3158 1948 3212 et
1995 3149 2245 3213 soluere
2302 3149 2471 3214 dicto
2518 3149 2691 3214 Dino
2750 3150 2854 3214 uel
2913 3149 3047 3214 suis
3103 3146 3449 3212 heredibus
3496 3187 3579 3199 --

705 3261 946 3327 dictam
992 3271 1057 3326 et
1100 3284 1304 3348 usque
1352 3263 1420 3327 in
1469 3263 1707 3328 dictam
1750 3264 2141 3329 florenorum
2188 3275 2251 3329 et
2296 3266 2565 3352 pecunie
2614 3267 3039 3351 quantitatem
3088 3273 3207 3328 cet.

925 3377 1096 3442 Item
1152 3378 1323 3465 quod
1391 3389 1723 3464 presentes
1794 3379 2040 3444 domini
2101 3381 2347 3466 priores
2419 3391 2483 3445 et
2550 3380 2872 3445 uexillifer
2938 3379 3182 3444 iustitie
3251 3379 3472 3464 populi
3518 3387 3583 3442 et

705 3493 996 3559 comunis
1043 3493 1372 3559 Florentie
1419 3519 1546 3558 una
1593 3517 1738 3559 cum
1782 3494 2241 3580 gonsaloneriis
2290 3497 2661 3560 sotietatum
2709 3495 2928 3582 populi
2971 3504 3035 3558 et
3076 3518 3223 3559 cum
3272 3495 3353 3559 12
3391 3493 3577 3559 bonis

706 3611 861 3674 uiris
925 3611 1212 3674 comunis
1268 3610 1541 3696 predicti
1591 3647 1675 3656 —
1729 3611 1982 3696 possint
2040 3611 2209 3675 ultra
2264 3612 2482 3675 omnia
2536 3610 2908 3696 supradicta
2960 3609 3160 3674 semel
3219 3620 3284 3673 et
3336 3609 3577 3695 pluries

705 3737 768 3790 et
815 3726 1389 3812 quotienscumque
1437 3725 1821 3810 deliberare,
1894 3727 2235 3813 prouidere
2308 3736 2372 3791 et
2418 3727 2743 3810 ordinare,
2806 3749 2927 3812 que
2978 3725 3101 3790 alie
3150 3723 3395 3808 domuS,
3469 3723 3576 3787 he-

703 3842 911 3906 difitia
964 3865 1077 3907 seu
1122 3865 1225 3908 res
1274 3865 1686 3928 quecumque,
1747 3853 1811 3907 et
1857 3843 1938 3907 ad
1986 3865 2451 3928 quemcumque
2498 3867 2610 3908 seu
2663 3864 3101 3928 quoscumque
3162 3841 3575 3925 pertinenteS‚

703 3967 768 4021 et
815 3956 1134 4043 quomodo
1184 3967 1249 4021 et
1295 3957 1831 4043 quemadmodum
1881 3968 2192 4041 emantur,
2242 3959 2637 4043 recipiantur
2682 3967 2747 4021 et
2798 3957 3196 4043 accipiantur
3249 3979 3361 4020 seu
3394 3977 3577 4019 occu-

703 4081 936 4158 pentur
981 4082 1046 4136 et
1091 4072 1545 4157 demoliantur,
1597 4082 1660 4136 et
1705 4062 1820 4159 pro
1869 4075 2127 4159 quantis
2172 4084 2236 4138 et
2267 4076 2499 4159 quibus
2531 4075 2755 4159 pretiis
2788 4097 2901 4138 seu
2931 4073 3350 4159 pecuniarum
3382 4095 3578 4157 quan-

701 4189 1016 4271 titatibus,
1068 4198 1133 4252 et
1180 4189 1282 4253 cui
1330 4199 1395 4253 et
1440 4189 1675 4274 quibus
1725 4189 1955 4254 dandis
2003 4213 2118 4275 pro
2168 4189 2599 4254 construenda
2628 4188 2989 4254 honorabili
3030 4189 3205 4273 logia
3234 4189 3415 4252 iuxta
3444 4187 3577 4273 pla-

701 4315 872 4368 team
918 4304 1143 4389 palatii
1189 4303 1595 4369 dominorum
1641 4306 1928 4390 priorum
1976 4316 2039 4369 et
2086 4305 2429 4370 uexilliferi
2478 4305 2936 4390 predictorum3
2988 4315 3051 4368 et
3098 4329 3211 4391 pro
3254 4314 3577 4370 construc-

703 4420 878 4484 tione
936 4419 1104 4484 dicte
1160 4421 1371 4505 loggie
1429 4443 1656 4504 cogere
1711 4431 1774 4484 et
1829 4421 2189 4506 conpellere
2240 4462 2323 4470 -
2372 4420 2453 4485 ad
2510 4397 2920 4485 uendendum
2968 4455 3049 4466 —
3103 4420 3273 4485 dicto
3321 4421 3576 4484 comuni

705 4569 788 4580 --
838 4557 1271 4621 quascumque
1320 4535 1560 4620 domos,
1611 4535 2064 4601 hedifitia'seu
2108 4560 2213 4601 res
2262 4547 2380 4601 cet.

927 4651 1190 4716 Possint
1235 4652 1430 4716 etiam
1479 4686 1559 4696 -
1611 4651 1846 4738 eligere
1896 4652 2042 4716 illos
2092 4653 2265 4717 ciues
2312 4652 2365 4716 F
2369 4653 2639 4716 lorentie
2688 4661 2751 4716 et
2790 4650 3075 4736 Guelfos,
3127 4675 3287 4738 quos
3337 4653 3573 4734 uolent,

702 4777 766 4832 et
810 4790 925 4853 pro
984 4789 1059 4831 eo
1117 4775 1182 4831 et
1228 4769 1321 4832 eis
1369 4769 1766 4854 temporibus
1779 4821 1794 4851 ,
1871 4769 2105 4853 quibus
2153 4768 2391 4851 uolent,
2458 4767 2537 4832 ad
2582 4768 2946 4833 faciendum
2992 4769 3133 4832 fieri
3181 4777 3245 4833 et
3290 4769 3577 4834 construi

700 4883 1036 4948 hedificari
1083 4893 1146 4948 et
1192 4885 1412 4970 perfici
1461 4885 1702 4970 logiam
1749 4883 2187 4970 supradictam
2236 4919 2320 4928 -
2376 4919 2451 4926 —
2505 4894 2570 4947 et
2614 4906 2761 4948 cum
2792 4885 2970 4948 omni
3001 4893 3064 4948 et
3093 4892 3231 4948 tota
3260 4883 3373 4948 illa
3402 4883 3577 4947 balia

703 5009 767 5064 et
813 4999 1189 5064 auctoritate
1237 5009 1302 5064 et
1347 5010 1664 5086 potestate
1712 5011 1778 5065 et
1822 5001 1998 5065 omni
2047 4999 2248 5065 offitio
2297 5010 2417 5065 cet.
2468 5009 2586 5064 cet.

699 5163 817 5172 —-

883 5243 922 5318 ¹)
965 5242 1246 5297 Vielleicht
1279 5243 1353 5298 ist
1387 5245 1440 5297 in
1469 5244 1558 5299 die
1581 5245 1764 5298 Lficke
1790 5263 1856 5299 zu
1881 5251 2088 5298 setzen:
2126 5242 2469 5298 Aldobrandi
2507 5251 2561 5297 et.
2584 5243 2863 5298 Michaelis
2898 5242 3171 5316 quondam
3198 5242 3462 5297 Ricciardi
3488 5244 3575 5311 (Ρ).
