4009 5859
662 604 947 670 Predieti
996 605 1270 692 operarii
1318 639 1406 649 ——
1454 606 1999 670 confirmauerunt
2045 613 2109 670 et
2156 604 2627 691 deputauerunt
2672 625 2749 668 ac
2798 603 2991 668 etiam
3038 601 3117 666 de
3151 625 3317 666 nouo

444 721 526 787 ad
583 720 898 786 cautelam
955 721 1289 802 elegerunt
1344 720 1788 807 infrascriptos
1838 720 1920 786 ad
1966 721 2381 807 infrascripta
2426 719 2641 784 officia
2690 753 2772 762 -—-
2820 741 2935 804 pro
2984 741 3099 783 sex
3145 740 3318 782 men·

444 838 641 920 sibus,
691 838 1048 921 initiandis,
1099 847 1171 902 ut
1213 837 1386 902 infra
1429 847 1624 924 patet,
1675 847 1738 902 et
1783 859 1898 923 pro
1949 837 2357 923 infrascripto
2408 836 2660 916 salario,
2713 834 3041 899 uidelicet:

665 954 1090 1019 Laurentium
1129 953 1391 1040 Filippi,
1443 955 1914 1041 capomagistro
1963 948 2115 1036 (sie)
2164 953 2321 1017 dicti
2369 952 2626 1038 oppetis
2674 947 2826 1034 (sie)
2871 971 2986 1035 pro
3033 958 3320 1034 tempore

445 1077 510 1132 et
555 1070 848 1136 termino·
877 1093 993 1136 sex
1039 1069 1379 1152 mensium,
1429 1069 1894 1135 initiandorum
1941 1069 2045 1134 die
2094 1070 2301 1156 primo
2340 1068 2582 1134 mensis
2613 1067 2795 1149 Julii,
2846 1065 3137 1151 proxime
3168 1087 3320 1128 uen-

444 1185 597 1269 turi,
656 1207 803 1251 cum
849 1185 1082 1252 salario
1130 1188 1517 1252 florenorum
1568 1188 1603 1252 7
1655 1187 1814 1270 auri,
1864 1185 2224 1251 dandorum
2270 1193 2335 1250 et
2380 1182 2837 1251 soluendorum
2883 1205 2999 1269 per
3045 1203 3321 1246 camera-

444 1301 577 1368 rios
626 1302 784 1368 dicti
829 1304 1061 1389 operiS.

665 1419 912 1486 Ferner
979 1443 1085 1486 am
1131 1426 1236 1484 13.
1273 1419 1444 1484 Mai.-
1517 1419 1605 1486 80
1656 1419 1957 1504 Magistri
2028 1417 2161 1484 und
2226 1417 2608 1484 Menovales
2676 1417 2795 1483 mit
2863 1416 3323 1502 beigesetztem

448 1530 705 1600 Gehalt.

671 1701 782 1769 79.
854 1706 984 1771 Die
1027 1706 1209 1772 XVI
1245 1711 1474 1774 mensis
1519 1708 1708 1774 Jum‘i
1750 1703 1836 1794 (a.
1871 1731 1928 1774 a.
1965 1707 2045 1774 Ο.
2084 1732 2145 1795 p.
2184 1703 2365 1790 16a).

671 1839 1024 1906 Laurentio
1070 1841 1339 1929 Filippi,
1404 1843 1875 1928 capomagistro
1924 1842 2082 1908 dieti
2130 1843 2372 1930 operis,
2438 1864 2555 1928 pro
2604 1864 2720 1908 suo
2769 1840 3003 1908 salario
3052 1840 3326 1906 duorum

449 1955 785 2039 mensium,
836 1956 1140 2022 uidelicet
1183 1957 1389 2023 Madii
1439 1967 1504 2022 et
1546 1958 1750 2043 Junii,
1799 1960 2079 2025 florenos
2131 1960 2217 2024 14
2264 1960 2421 2024 auri.

673 2131 794 2198 80.
866 2135 998 2199 Die
1042 2135 1248 2200 XXX
1289 2136 1569 2221 Auyueti
1611 2133 1695 2222 (a.
1731 2161 1787 2201 a.
1824 2136 1902 2203 Ο.
1937 2137 2087 2202 filza
2118 2138 2205 2202 20
2252 2159 2312 2222 p.
2348 2131 2488 2220 Sa).

674 2266 1026 2332 Laurentio
1073 2268 1341 2355 Filippi,
1400 2271 1902 2356 caputmagistro
1951 2270 2109 2335 dicti
2156 2271 2395 2357 operiS,
2446 2292 2561 2355 pro
2610 2291 2725 2334 suo
2774 2267 3008 2333 salario
3056 2264 3327 2330 duorum

449 2383 788 2467 mensium,
835 2385 1127 2470 proxime
1174 2386 1642 2470 preteritorum,
1692 2385 1854 2451 Julii
1902 2397 1966 2450 et
2005 2387 2307 2472 Augusti,
2358 2385 2442 2450 ad
2488 2385 2807 2450 rationem
2850 2384 3239 2448 florenorum
3288 2381 3322 2444 7

456 2531 536 2542 --
585 2499 862 2564 florenos
915 2499 998 2563 14
1036 2501 1193 2565 auri.

676 2673 784 2740 81.
854 2678 986 2742 Die
1033 2676 1251 2743 XXII
1288 2679 1667 2742 Nouembris
1713 2673 1797 2762 (a.
1834 2702 1890 2744 a.
1926 2677 2005 2744 Ο.
2056 2702 2119 2765 p.
2156 2675 2341 2762 13b).

677 2810 770 2876 Es
827 2811 1120 2877 arbeiten
1177 2813 1216 2877 3
1259 2813 1553 2899 magistri
1613 2813 1838 2896 concii,
1893 2815 1927 2880 7
1971 2813 2267 2899 magistri
2327 2812 2603 2897 caenole,
2657 2814 2696 2876 3
2729 2811 3021 2896 magistri
3069 2811 3329 2891 caenole

454 2933 520 2990 et
549 2925 943 3012 lignaminis,
994 2929 1076 2994 47
1113 2929 1405 3014 magistri
1453 2928 1800 3016 seharpelli
1847 2938 1912 2994 et
1958 2929 2171 2994 concii
2218 2938 2283 2994 et
2314 2929 2669 3013 marmoris,
2721 2930 2762 2994 6
2793 2928 2974 3014 pueri
3008 2927 3326 3014 scamelli,

457 3043 542 3108 29
576 3043 968 3128 manoualeS,
1020 3045 1060 3108 3
1092 3045 1274 3130 pueri
1319 3044 1577 3110 harene.

681 3159 998 3244 eligerunt
1053 3170 1118 3225 et
1170 3161 1664 3226 refirmauerunt
1719 3171 1783 3226 et
1827 3160 2348 3226 reconduxerunt
2393 3157 2477 3244 (a.
2514 3183 2569 3225 a.
2606 3158 2685 3225 Ο.
2733 3182 2795 3246 p.
2834 3154 2999 3241 14b)
3044 3158 3330 3223 Lauren-

457 3273 618 3337 tium
663 3273 929 3360 Filippi,
983 3285 1174 3362 eaput
1219 3277 1624 3362 magistrum,
1683 3279 1751 3343 in
1800 3288 1992 3364 caput
2038 3277 2417 3362 magistrum
2466 3276 2634 3340 dicte
2681 3298 2873 3361 opere
2922 3285 2986 3339 et
3028 3274 3331 3340 laborerii

461 3389 628 3454 dicte
676 3412 867 3476 opere
916 3414 1028 3477 pro
1076 3394 1117 3458 6
1158 3395 1510 3478 mensibuS,
1560 3395 1852 3480 proxime
1898 3394 2151 3476 futuriS,
2201 3393 2484 3457 iniciatis
2534 3391 2637 3458 die
2670 3392 2965 3477 sequenti
2996 3391 3064 3455 in
3096 3388 3331 3454 medie-

458 3512 608 3588 tate,
658 3506 843 3570 finita
888 3505 1018 3572 alia,
1065 3508 1507 3593 conductione,
1559 3509 1638 3574 de
1685 3533 1760 3576 eo
1804 3510 1996 3594 facta,
2049 3532 2195 3574 eum
2242 3509 2477 3573 salario
2525 3518 2591 3574 et
2636 3508 2838 3574 offitio
2888 3505 3231 3571 consuetis,

681 3681 795 3747 82.
867 3685 997 3749 Die
1042 3648 1302 3751 XXIII
1345 3687 1700 3752 Decembris
1747 3684 1830 3768 (a.
1867 3711 1922 3752 a.
1959 3686 2037 3753 Ο.
2087 3709 2149 3773 p.
2184 3689 2262 3752 21
2281 3681 2366 3770 a).

681 3816 1033 3884 Laurentio
1063 3820 1325 3906 Filippi,
1378 3830 1569 3907 caput
1615 3822 1924 3906 magistro
1973 3820 2144 3886 dicte
2191 3843 2402 3907 opere,
2452 3842 2566 3906 pro
2610 3843 2725 3885 suo
2760 3818 2993 3884 salario
3026 3827 3335 3904 quantuor

464 3933 808 4016 mensium,
884 3935 1211 4001 uidelicet:
1286 3932 1716 4022 SeptembriS,
1778 3936 2114 4021 Oetubris,
2172 3937 2562 4001 Nouembris
2618 3945 2683 4000 et
2728 3934 3046 4020 presentis
3092 3932 3333 3998 mensis

461 4045 862 4133 Decembris,
913 4084 998 4096 —
1046 4053 1115 4116 in
1160 4060 1366 4116 totum
1410 4053 1686 4118 florenos
1734 4054 1818 4118 28
1867 4053 2026 4117 auri.

687 4225 801 4291 83.
871 4228 1001 4293 Die
1039 4229 1108 4293 X
1128 4230 1187 4295 V
1210 4229 1444 4294 Martii
1484 4225 1865 4315 (1384(85),
1915 4232 2259 4295 indictione
2288 4225 2379 4314 8)·
2406 4225 2490 4312 (a.
2526 4252 2582 4293 a.
2619 4225 2697 4292 Ο.
2732 4227 2881 4292 filza
2912 4228 2993 4291 21
3045 4249 3106 4313 p.
3145 4222 3331 4309 lob).

686 4360 855 4424 Item
922 4395 1005 4404 —
1074 4361 1348 4447 predicti
1403 4364 1675 4449 operarii
1737 4399 1820 4408 —
1868 4364 2367 4447 stantiauerunt,
2440 4361 2613 4447 quod
2656 4361 3075 4443 Laurentius,
3150 4382 3335 4445 capo-

467 4475 799 4558 magister,
849 4475 1087 4542 habeat
1133 4487 1198 4542 et
1243 4478 1481 4543 habere
1530 4478 1762 4544 debeat
1808 4479 2099 4564 quolibet
2143 4501 2363 4544 mense
2409 4500 2524 4563 pro
2573 4478 2709 4542 eius
2756 4475 3125 4563 prouisione
3172 4475 3341 4539 ultra

470 4589 802 4674 salarium,
853 4615 1047 4678 supra
1092 4592 1460 4658 ordinatum
1507 4604 1571 4659 et
1617 4596 2026 4678 stantiatum,
2078 4619 2275 4659 unum
2321 4595 2636 4658 florenum
2682 4593 2849 4676 auri,
2898 4591 3339 4677 incipiendum

469 4705 537 4770 in
583 4705 879 4771 kalendis
926 4709 1194 4793 Aprilis,
1242 4710 1536 4795 proxime
1580 4710 1831 4776 futuris.

692 4880 806 4947 84.
877 4885 1007 4950 Die
1051 4887 1270 4951 ultimo
1315 4887 1507 4952 Juniz·
1547 4890 1632 4966 (a.
1669 4911 1724 4953 a.
1761 4887 1840 4954 O.
1889 4910 1950 4974 p.
1988 4883 2171 4970 263).

690 5016 1042 5083 Laurentio
1088 5019 1357 5106 Filippi,
1420 5042 1578 5106 capo
1635 5022 1941 5107 magistro
2000 5021 2157 5087 dieti
2210 5020 2449 5107 operiS,
2512 5043 2627 5106 pro
2676 5022 2813 5086 eius
2862 5021 3096 5085 salario
3144 5021 3341 5086 trium

471 5133 807 5216 mensium,
847 5134 1174 5199 finitorum
1220 5135 1324 5200 die
1373 5136 1598 5200 ultimo
1623 5137 1861 5219 Martii,
1911 5138 2203 5223 proxime
2236 5137 2543 5222 preteriti,
2595 5137 2679 5202 ad
2722 5137 3039 5200 rationem
3071 5137 3339 5200 floreno-

471 5271 612 5312 rum
665 5251 698 5314 7
750 5248 889 5313 auri
939 5289 1020 5298 -—
1069 5251 1344 5316 florenos
1392 5253 1474 5316 21
1525 5253 1683 5316 auri.
