4009 5859
2012 370 2143 435 258

634 549 722 612 tie
769 548 838 612 in
885 549 1106 634 aliqua
1151 547 1424 634 pecunie
1473 548 1849 634 quantitate,
1903 548 2117 612 danda
2163 559 2227 612 et
2274 548 2587 614 soluenda
2618 548 2789 614 dicto
2824 551 3098 635 comuni,
3135 586 3218 595 —
3253 561 3512 616 tenean-

633 675 737 729 tur
805 675 870 729 et
939 665 1218 730 debeant
1287 664 1438 728 dare
1513 674 1576 728 et
1644 663 1893 728 soluere
1943 664 2295 728 camerario
2344 687 2535 751 opere
2584 687 2697 729 seu
2741 665 2986 730 fabrice
3034 667 3347 752 prelibate
3396 689 3509 732 sex

634 779 932 844 denarios
976 780 1020 845 f.
1054 803 1115 866 p.
1165 803 1281 866 pro
1328 781 1617 866 qualibet
1662 779 1846 862 libra,
1897 781 2079 844 cuius
2128 782 2486 866 quantitate
2532 783 2823 868 pecunie,
2874 783 2971 848 sic
3004 783 3219 848 danda
3248 783 3353 848 uel
3386 783 3509 848 sol-

634 897 874 980 uenda,
950 906 1122 961 esset
1190 895 1634 983 principaliter
1703 895 2245 981 condempnatus;
2320 931 2403 941 -—
2473 905 2538 960 et
2604 898 2812 983 ipsam
2862 897 3247 968 solutionem
3301 899 3514 964 facere

634 1022 974 1076 teneantur
1021 1021 1084 1075 et
1132 1012 1410 1076 debeant
1455 1013 1597 1098 ipso
1646 1012 1873 1076 eodem
1919 1012 2043 1096 die,
2095 1034 2221 1098 quo
2265 1012 2439 1077 facta
2484 1012 2675 1078 fuerit
2712 1013 3011 1079 liberatio
3044 1037 3160 1079 seu
3191 1015 3511 1080 absolutio

634 1129 892 1192 comuni
958 1128 1205 1214 prefato
1253 1128 1358 1192 uel
1413 1128 1626 1211 alteri,
1699 1150 1813 1214 pro
1873 1129 2017 1214 ipso
2068 1128 2324 1192 comuni
2369 1129 2726 1215 recipienti,
2780 1164 2863 1174 -
2912 1131 3032 1195 sub
3080 1152 3251 1216 pena
3296 1131 3511 1215 quarti

633 1243 836 1329 pluris
900 1244 1094 1308 totius
1155 1245 1322 1327 eius,
1383 1244 1556 1329 quod
1601 1245 1729 1330 ipsi
1775 1245 2129 1310 camerario
2178 1267 2369 1330 opere
2417 1245 2555 1309 siue
2601 1244 2845 1311 fabrice
2893 1246 3215 1310 antedicte
3262 1246 3513 1312 soluere

635 1359 968 1424 debuisset
1013 1369 1131 1424 cet.

857 1471 1065 1561 Super
1123 1498 1248 1561 qua
1302 1475 1563 1561 quidem
1625 1475 1934 1562 petitione
1991 1487 2057 1541 et
2112 1477 2410 1542 omnibus
2460 1487 2525 1541 et
2571 1477 2871 1563 singulis,
2932 1478 3001 1542 in
3048 1500 3127 1542 ea
3172 1479 3511 1561 contentis,

636 1625 719 1636 —-
766 1590 989 1656 habita
1035 1627 1118 1636 —-
1169 1587 1633 1658 deliberatione
1682 1627 1764 1636 -—-
1815 1591 2337 1657 deliberauerunt
2383 1593 2487 1657 die
2522 1592 2694 1657 XXI
2725 1595 2967 1658 mensis
3002 1593 3310 1659 Octubris
3342 1615 3513 1658 anno

635 1707 880 1772 domini
932 1708 1124 1790 1377,
1175 1707 1531 1772 indictione
1577 1708 1805 1794 prima,
1857 1707 2031 1793 quod
2079 1742 2163 1751 —-
2211 1708 2566 1795 procedant
2617 1743 2692 1752 --
2745 1717 2809 1772 et
2852 1711 3015 1774 fiant
3062 1743 3146 1754 -
3195 1719 3259 1774 et
3298 1709 3513 1774 obser-

632 1824 772 1888 uari
821 1824 1073 1911 possint
1119 1834 1182 1888 et
1229 1823 1511 1889 debeant
1557 1833 1679 1889 cet.

859 1990 963 2057 12.
1058 1993 1249 2057 Anno
1283 1999 1486 2074 1378,
1533 1994 1880 2056 indiccione
1913 1999 1974 2075 2,
2026 1995 2129 2057 die
2160 1999 2244 2057 23
2278 1996 2505 2058 mensis
2538 1992 2905 2058 Decembris
2936 1991 3211 2079 (ProviS.
3245 1993 3396 2058 filza
3426 1995 3512 2059 68

630 2134 695 2197 p.
751 2106 975 2192 114a).

855 2242 1092 2307 Petitio
1141 2242 1470 2307 uidelicet:
1521 2241 1649 2306 Pro
1698 2251 1880 2328 parte
1924 2243 2363 2330 operariorum
2394 2243 2637 2308 fabrice
2670 2253 2734 2308 et
2764 2266 2955 2330 opere
2988 2243 3257 2308 ecclesie
3291 2254 3513 2308 sancte

631 2360 953 2448 Reparate
1026 2360 1104 2425 de
1159 2359 1516 2444 Florentia,
1590 2360 1978 2425 cathedralis
2049 2361 2320 2426 ecclesie
2365 2360 2767 2443 Florentiae,
2842 2369 2905 2425 et
2958 2359 3245 2424 hedificii
3299 2359 3513 2445 loggie

635 2477 926 2542 comunis
973 2477 1026 2540 F
1030 2477 1300 2541 lorentie
1354 2485 1724 2542 reuerenter
1778 2478 2123 2562 exponitur
2181 2478 2399 2561 uobiS,
2462 2476 2740 2541 dominis
2797 2477 3119 2562 prioribus
3169 2478 3403 2541 artium
3451 2484 3515 2541 et

633 2592 993 2658 uexillifero
1040 2593 1285 2658 iustitie
1332 2592 1553 2679 populi
1601 2601 1664 2655 et
1711 2593 2004 2657 comunis
2052 2591 2405 2673 Florentie,
2468 2592 2640 2678 quod
2685 2593 2986 2678 pecunia,
3045 2591 3358 2656 hactenus
3407 2590 3511 2656 de-

633 2718 859 2795 putata
905 2709 1096 2772 dictis
1144 2730 1334 2795 opere
1383 2717 1447 2772 et
1486 2707 1806 2793 hedificin,
1858 2719 1922 2773 et
1952 2709 2295 2794 introytuS,
2347 2709 2580 2794 quibus
2615 2707 2789 2772 dicta
2819 2731 3015 2795 opera
3046 2718 3111 2773 et
3139 2707 3511 2772 hedificium

635 2826 917 2892 construi
970 2834 1033 2890 et
1076 2825 1219 2889 fieri
1267 2825 1503 2907 solent,
1566 2834 1717 2889 sunt
1771 2824 1932 2889 adeo
1990 2825 2311 2890 diminuta
2368 2835 2433 2888 et
2479 2825 2781 2889 diminuti
2828 2847 2909 2888 ex
2948 2824 3242 2910 pluribus
3276 2825 3508 2906 causiS,

635 2941 838 3027 quod,
896 2942 1028 3006 nisi
1075 2941 1153 3005 de
1203 2941 1418 3027 aliquo
1470 2940 1760 3006 subsidio
1808 2941 2249 3026 prouideatur,
2300 2941 2475 3005 dicta
2520 2964 2715 3028 opera
2761 2950 2826 3005 et
2870 2939 3243 3005 hedificium
3290 2940 3510 3025 perfici

633 3082 765 3123 non
822 3059 1115 3122 ualerent
1173 3079 1293 3122 nec
1364 3057 1674 3121 debentes
1733 3067 2076 3143 propterea
2121 3058 2407 3144 recipere
2454 3067 2721 3144 possent
2766 3057 3099 3142 consequi,
3163 3055 3337 3142 quod
3382 3054 3509 3120 sibi

635 3173 920 3257 debetur,
973 3184 1037 3238 et
1081 3172 1278 3258 quod,
1337 3183 1408 3237 ut
1455 3184 1666 3237 uestre
1713 3173 2138 3238 dominationi
2186 3184 2250 3238 et
2295 3175 2593 3238 omnibus
2638 3185 2862 3239 notum
2909 3183 3035 3257 est,
3100 3173 3274 3238 dicta
3318 3195 3514 3268 opera

636 3299 700 3355 et
743 3289 1118 3355 hedificium
1166 3298 1318 3353 sunt
1363 3285 1793 3374 gratissima¹)
1841 3290 2143 3354 omnibus
2194 3290 2445 3354 ciuibus
2494 3300 2559 3353 et
2595 3290 2875 3354 ciuitatis
2908 3287 3281 3353 Florentine
3312 3288 3510 3352 bono-

629 3406 720 3471 ris
790 3406 1080 3492 perpetui
1128 3415 1192 3469 et
1238 3405 1488 3470 decoris
1545 3427 1621 3469 ac
1675 3406 1898 3488 etiam,
1972 3406 2144 3491 quod
2200 3406 2345 3492 plus
2394 3416 2510 3490 est,
2586 3406 2759 3470 dicta
2803 3428 3000 3491 opera
3044 3406 3113 3469 in
3158 3405 3511 3470 maximam

633 3521 1093 3608 omnipotentis
1153 3520 1280 3585 Dei
1345 3522 1775 3585 reuerentiam
1843 3521 2015 3586 cedit
2082 3530 2147 3585 et
2214 3522 2500 3604 laudem3
2573 3545 2768 3607 quare
2826 3521 3252 3586 dominationi
3298 3529 3511 3586 uestre

630 3637 960 3702 humiliter
1013 3636 1429 3723 supplicatur,
1489 3649 1807 3723 quatenus
1854 3659 1969 3723 pro
2019 3637 2235 3722 aliquo
2284 3637 2575 3702 subsidio
2625 3636 2943 3702 dictorum
2987 3660 3177 3724 opere
3226 3647 3290 3702 et
3332 3636 3511 3700 hedi-

629 3754 782 3838 ficii,
832 3762 904 3818 ut
949 3753 1031 3817 ad
1077 3752 1536 3839 perfectionem
1582 3753 1944 3837 trahantur,
1996 3776 2191 3838 quam
2237 3752 2507 3817 celerius
2553 3753 2694 3816 fieri
2742 3762 2971 3837 potest,
3023 3764 3088 3818 et
3133 3754 3328 3819 etiam
3373 3752 3510 3840 plu-

631 3871 832 3952 ri‘buS,
864 3870 1152 3955 recipere
1185 3868 1568 3934 debentibus
1602 3877 1736 3932 tam
1766 3891 1881 3954 pro
1913 3870 2121 3954 pretio
2171 3868 2521 3952 domorum,
2558 3878 2915 3954 emptarum
2947 3879 3011 3932 et
3041 3869 3512 3934 destructarum

631 4010 747 4073 pro
796 3986 971 4050 dicta
1015 4007 1228 4072 opera,
1279 4008 1472 4071 quam
1519 4006 1633 4070 pro
1681 4007 1904 4048 eorum
1950 3985 2263 4068 giornatis
2311 3994 2376 4048 et
2408 3983 2689 4068 salariis3
2726 3985 2939 4050 ualeat
2974 3985 3293 4069 satisfieri,
3323 3986 3509 4051 uobis

631 4103 882 4187 placeat
928 4110 1284 4187 opportune
1331 4101 1690 4187 prouidere,
1743 4140 1826 4149 —
1876 4100 2048 4186 quod
2100 4123 2321 4166 omnes
2369 4110 2433 4165 et
2464 4101 2705 4185 singuli
2733 4101 2975 4188 populi,
3026 4097 3509 4184 comunitates⁹)

632 4229 698 4282 et
744 4217 1107 4303 singulares
1153 4239 1458 4302 persone,
1509 4217 1577 4281 in
1624 4239 1897 4302 quorum
1943 4217 2232 4282 fauorem
2280 4217 2418 4282 siue
2465 4217 2810 4280 utilitatem
2856 4216 2936 4281 de
2983 4226 3194 4281 cetero
3239 4219 3353 4282 fiet
3396 4240 3510 4303 per

633 4333 915 4397 officium
982 4333 1420 4418 regulatorum
1489 4334 1890 4418 introytuum
1958 4343 2024 4397 et
2092 4356 2522 4419 expensarum
2592 4334 2883 4398 comunis
2954 4332 3228 4419 predicti
3294 4334 3511 4419 aliqua

631 4451 876 4514 taxatio
947 4451 1086 4514 siue
1156 4450 1536 4535 compositio
1584 4449 1662 4513 de
1711 4447 2037 4534 aliquibus
2086 4449 2385 4534 gabellis,
2458 4449 2746 4533 extimiS,
2818 4449 3219 4535 prestantiis,
3294 4447 3506 4531 datiis,

633 4564 1324 4650 condempnationibus
1373 4587 1490 4628 seu
1535 4564 1680 4630 aliis
1729 4566 2032 4631 oneribus
2082 4565 2187 4629 uel
2230 4565 2639 4649 factionibus,
2696 4566 3208 4652 quibuscumque
3256 4565 3509 4629 comuni

631 4679 685 4745 F
688 4681 959 4747 lorentie
1031 4679 1267 4745 debitis
1323 4680 1431 4744 uel
1477 4678 1817 4764 debendis,
1887 4691 2227 4745 teneantur
2272 4691 2336 4745 et
2383 4680 2664 4746 debeant
2708 4683 2957 4746 soluere
3004 4691 3068 4745 et
3114 4681 3371 4745 soluant
3414 4680 3509 4744 illi

634 4796 1004 4879 camerario,
1055 4797 1159 4860 cui
1202 4795 1420 4860 fienda
1467 4796 1589 4860 erit
1635 4797 1869 4861 solutio
1913 4797 2064 4862 talis
2097 4797 2448 4862 taxationis
2481 4798 2585 4862 uel
2618 4799 3122 4884 compositionis,
3171 4797 3508 4883 recipienti

809 5017 851 5083 ¹)
887 5015 1024 5069 Also
1063 5014 1151 5068 die
1177 5015 1505 5087 Abneigung
1542 5015 1640 5069 der
1662 5016 1871 5087 Burger
1907 5034 2081 5088 gegen
2118 5016 2224 5070 den
2246 5017 2366 5070 Bau
2404 5015 2503 5070 der
2521 5015 2731 5087 Loggia
2768 5033 2879 5068 war
2917 5013 3339 5086 geschwunden3
3378 5013 3512 5069 oder

629 5103 846 5158 bezieht
882 5103 998 5158 sich
1035 5101 1133 5157 das
1172 5103 1477 5175 gratissima
1511 5123 1614 5158 nur
1651 5105 1744 5158 auf
1777 5105 1864 5158 die
1903 5104 2085 5175 Opera
2122 5104 2212 5160 dh.
2252 5104 2346 5158 auf
2378 5103 2482 5158 den
2518 5103 2699 5158 Dom?

806 5201 849 5269 ²)
889 5201 1138 5254 coitates:
1179 5201 1452 5255 entweder
1489 5202 1768 5256 comitates
1809 5203 1907 5255 mit
1943 5201 2201 5256 falscbem
2238 5209 2321 5255 tes
2360 5201 2445 5255 fur
2481 5208 2567 5254 tus
2607 5201 2741 5255 oder
2775 5201 3146 5256 comunitateS.
