4009 5859
1742 413 1869 479 165

368 591 568 671 cunis,
618 591 687 654 in
734 613 861 675 qua
906 589 1147 654 dictum
1195 599 1521 654 terrenum
1568 591 1865 654 extimari
1914 590 2272 674 contigerit,
2312 625 2394 634 —
2425 613 2540 678 pro
2588 593 2794 678 pretio
2829 627 2908 638 -
2945 593 3234 660 eiusdem

364 708 599 772 terreni
644 707 952 794 predictis
990 705 1256 772 Ubertis
1306 706 1409 770 uel
1456 729 1677 770 eorum
1721 707 2120 792 procuratori
2166 706 2342 771 licite
2389 707 2640 772 soluere
2687 717 2878 792 atque
2925 707 3078 774 dare
3111 717 3230 773 cet.

600 821 781 886 Wohl
822 843 947 886 von
988 821 1335 886 demselben
1380 823 1626 887 Datum
1669 817 1941 906 (ibidem
1986 845 2048 908 p.
2085 817 2276 906 65a):

584 937 665 1002 In
710 937 857 1022 Dey
908 937 1170 1002 nomine
1218 961 1426 1002 amen.
1530 937 1655 1002 Per
1714 937 1839 1002 hoo
1891 960 2158 1023 presens
2215 939 2546 1024 publicum
2599 941 3095 1006 instrumentum
3151 943 3238 1006 sit

364 1062 587 1118 notum
632 1053 1039 1138 presentibus
1088 1065 1153 1118 et
1196 1053 1447 1136 futuriS,
1506 1053 1675 1138 quod
1724 1052 1807 1117 ad
1854 1055 2234 1138 petitionem
2281 1065 2344 1118 et
2388 1055 2768 1120 instantiam
2815 1055 3238 1120 discretorum

366 1168 647 1232 uirorum
703 1189 806 1232 ser
850 1167 1217 1232 Benuenuti
1262 1167 1609 1254 Purassay,
1675 1169 1937 1252 notarii,
1995 1169 2339 1234 Fabrueoii
2383 1169 2698 1254 Tolosini‚
2756 1171 3062 1258 Phylippi
3101 1172 3237 1236 Ma-

364 1283 557 1369 galdi,
597 1283 901 1368 Ignacole
949 1283 1029 1348 de
1061 1293 1282 1348 sancto
1316 1280 1597 1366 Simone,
1642 1283 2024 1366 offitinlinm,
2071 1285 2420 1350 electorum
2451 1325 2538 1336 —
2569 1285 2652 1350 ad
2683 1286 3144 1351 inueniendum
3175 1297 3240 1352 et

365 1399 808 1464 extimandum
874 1408 1201 1464 terrenum
1266 1399 1547 1464 filiorum
1614 1399 1769 1463 olim
1839 1399 2084 1464 domini
2145 1398 2312 1466 Grifi
2375 1410 2439 1465 et
2495 1401 2738 1466 domini
2793 1401 3097 1466 Farinate
3158 1401 3239 1466 de

362 1514 645 1600 Ubertis,
696 1537 811 1601 per
864 1515 1035 1600 quod
1082 1524 1181 1580 est
1228 1515 1335 1580 uia
1378 1515 1640 1602 publiea
1686 1516 1889 1581 missa
1933 1525 2054 1581 eet.
2115 1551 2198 1562 —
2257 1517 2611 1582 Rinuccius
2657 1517 2853 1600 Petri,
2905 1541 3233 1584 mensura-

364 1641 465 1696 tor
508 1640 693 1714 terre,
743 1631 982 1714 retulit,
1036 1671 1119 1679 —
1168 1653 1238 1696 se
1292 1653 1702 1695 mensurasse
1757 1630 2001 1695 dictum
2055 1641 2381 1698 terrenum
2428 1642 2492 1698 et
2536 1633 2700 1698 illud
2744 1634 3074 1699 inuenisse
3126 1656 3241 1720 per

364 1756 571 1812 totum
630 1749 707 1812 11
754 1770 1014 1833 panora,
1073 1770 1267 1832 quam
1324 1747 1519 1811 etiam
1572 1746 1746 1811 uiam
1799 1748 1869 1811 in
1926 1748 2136 1832 capite
2192 1770 2271 1813 ex
2333 1749 2531 1814 latere
2584 1749 2689 1813 uie
2745 1747 2824 1812 de
2883 1748 3239 1813 Torcicoda

372 1864 455 1927 14
497 1862 765 1927 brachia
817 1863 1037 1927 retulit
1094 1884 1234 1927 esse
1291 1861 1621 1946 quadrata,
1696 1885 1821 1947 que
1878 1864 1987 1928 uia
2041 1863 2328 1928 eiusdem
2377 1886 2676 1930 mensure
2721 1864 3125 1949 protenditur
3169 1865 3238 1928 in

366 1987 729 2063 porrectum
786 1999 991 2062 usque
1048 1976 1133 2041 ad
1189 1987 1459 2062 portam,
1518 1999 1643 2062 que
1691 1985 1791 2042 est
1836 1978 1904 2042 in
1952 1979 2153 2044 muris
2204 1980 2491 2044 comunis
2537 1979 2884 2062 Florentie‚
2935 2002 3057 2064 que
3105 1980 3240 2044 uul-

367 2094 603 2178 gariter
649 2092 885 2157 dicitur
930 2090 1325 2158 Ghibellina.

586 2208 769 2274 Wohl
810 2231 933 2272 von
974 2207 1276 2294 yleichem
1321 2208 1566 2272 Datum
1611 2203 1797 2292 (ibid.
1846 2231 1907 2294 p.
1944 2204 2130 2293 65b).

586 2325 667 2389 In
720 2324 869 2410 Dey
922 2324 1183 2389 nomine
1236 2345 1445 2388 amen.
1562 2319 1881 2388 Omnibus
1939 2333 2184 2409 pateat,
2259 2361 2342 2369 —
2411 2325 2580 2410 quod
2638 2325 2900 2391 discreti
2959 2326 3082 2390 uiri
3139 2349 3244 2392 ser

366 2441 785 2504 Benuenutus
816 2440 1160 2524 Purassay,
1196 2439 1503 2522 notariuS,
1538 2438 1933 2505 Fabruccius
1969 2439 2279 2525 Tolosini‚
2328 2440 2689 2528 Phylippus
2714 2441 3020 2528 Magaldi,
3054 2441 3242 2526 Igna-

369 2556 510 2621 cola
567 2554 647 2620 de
703 2555 875 2619 dicto
935 2551 1227 2637 Simone,
1290 2553 1611 2636 offitiales,
1664 2590 1748 2600 -—
1797 2554 2206 2620 considerata
2259 2557 2634 2621 inuentione
2691 2556 2847 2622 dieti
2895 2559 3133 2622 terreni
3181 2568 3245 2621 et

368 2673 491 2754 uie,
540 2671 713 2735 facta
756 2693 871 2756 per
914 2669 1303 2735 Rinucoium
1348 2668 1544 2753 Petri,
1595 2680 2104 2735 mensuratorem
2150 2680 2336 2754 terre,
2379 2713 2468 2723 —
2510 2671 2871 2759 predictum
2915 2681 3243 2737 terrenum

368 2795 431 2850 et
478 2787 652 2850 uiam
694 2787 880 2850 libris
930 2787 1061 2852 300
1106 2786 1494 2850 florenorum
1540 2809 1883 2871 paruorum
1918 2819 2001 2831 —
2037 2788 2428 2852 extimarunt
2483 2799 2601 2854 cet.

588 2903 780 2968 Anno
840 2910 1007 2966 1281
1070 2897 1333 2986 (1282),
1402 2901 1747 2966 indictione
1800 2909 1917 2981 10,
1989 2904 2094 2966 die
2147 2909 2232 2966 15
2287 2906 2518 2968 mensis
2563 2902 2905 2968 Februarii
2946 2897 3031 2984 (a.
3067 2926 3123 2967 a.
3159 2901 3238 2968 O.

368 3040 431 3104 p.
475 3011 663 3100 65b).

594 3131 954 3215 Tolosatus,
1015 3132 1187 3196 filius
1245 3132 1401 3196 olim
1457 3131 1699 3196 domini
1755 3131 1920 3199 Grifi
1978 3133 2057 3197 de
2103 3131 2368 3198 Ubertis
2417 3132 2497 3197 de
2543 3133 2892 3216 Florentia,
2955 3168 3036 3178 --
3097 3156 3242 3198 con-

372 3249 582 3314 stituit
614 3283 697 3292 -
732 3245 1022 3314 Ghinum
1070 3248 1149 3312 de
1194 3247 1693 3313 Freschobaldis
1729 3247 1807 3312 de
1838 3247 2186 3330 Florentia,
2237 3249 2390 3312 licet
2421 3250 2776 3332 absentem,
2827 3271 3015 3313 suum
3045 3249 3243 3334 legip-

372 3365 601 3429 timum
657 3372 721 3428 et
780 3387 1001 3428 uerum
1058 3372 1540 3449 procuratorem
1594 3398 1678 3408 -
1740 3362 1822 3428 ad
1870 3363 2282 3428 uendendum
2329 3398 2413 3408 —
2462 3386 2712 3428 camere
2761 3365 3051 3429 comunis
3098 3365 3244 3429 Flo-

370 3480 577 3544 rentie
624 3513 707 3522 —
756 3479 1171 3544 medietatem
1225 3501 1341 3565 pro
1396 3477 1678 3542 indiuiso
1738 3476 2075 3542 cuiusdam
2133 3479 2236 3542 uie
2291 3479 2566 3564 publice,
2628 3479 2838 3564 posite
2891 3480 2960 3543 in
3007 3479 3244 3565 populo

374 3595 582 3658 sancti
630 3590 913 3659 Simonis
960 3593 1307 3676 Florentie,
1359 3629 1442 3637 —
1490 3615 1613 3676 que
1659 3593 1921 3678 quidem
1967 3591 2282 3658 medietas
2329 3593 2411 3658 ad
2459 3616 2606 3658 eum
2653 3603 2717 3659 et
2757 3594 3087 3658 dominum
3119 3593 3245 3658 Pa-

373 3709 717 3793 ganellum,
766 3710 1015 3792 fratres,
1077 3709 1247 3774 filios
1304 3717 1368 3772 et
1421 3707 1690 3774 heredes
1758 3707 2084 3793 quondam
2140 3707 2305 3773 Grifi
2353 3707 2432 3772 de
2477 3707 2761 3792 Ubertis,
2813 3709 3110 3794 pertinet,
3161 3745 3246 3754 —

375 3834 439 3889 et
504 3826 769 3909 insuper
835 3825 919 3891 ad
965 3824 1409 3911 recipiendum
1441 3857 1523 3868 -
1558 3847 1597 3888 a.
1643 3824 1815 3888 dicto
1864 3823 2214 3888 camerario
2256 3824 2597 3911 pecuniam
2629 3832 2694 3888 et
2735 3822 3081 3909 stipendia,
3118 3824 3244 3888 sibi

376 3939 595 4004 debita
659 3941 909 4005 ratione
967 3940 1335 4023 confinium,
1398 3962 1519 4024 que
1580 3939 1791 4004 eidem
1839 3939 2145 4004 Tolosato
2205 3939 2356 4004 data
2411 3949 2476 4004 et
2518 3941 2786 4004 inuenta
2829 3939 3086 4003 fuerunt
3132 3960 3246 4023 per

375 4053 706 4121 dominum
749 4056 1013 4120 fratrem
1058 4055 1367 4120 Latinum
1414 4064 1533 4120 cet.
1590 4091 1665 4099 —
1716 4090 1803 4099 —
1849 4055 2022 4120 Acta
2069 4055 2137 4119 in
2185 4055 2463 4120 claustro
2511 4055 2719 4140 plebis
2768 4051 3008 4120 Sancte
3039 4055 3244 4120 Marie

376 4168 455 4234 de
501 4170 789 4254 Fangna.

598 4286 785 4349 Anno
834 4293 1001 4349 1281
1056 4281 1309 4368 (1282),
1359 4287 1461 4350 die
1507 4293 1590 4349 18
1626 4286 1968 4350 Februarii
2011 4281 2097 4368 (a.
2132 4308 2190 4349 a.
2222 4281 2300 4349 O.
2350 4307 2410 4370 p.
2447 4280 2631 4366 ssssa).

596 4400 917 4465 Dominus
947 4399 1337 4486 Paganellus
1385 4401 1707 4485 quondam
1755 4401 1998 4465 domini
2032 4399 2198 4465 Grifi
2231 4435 2316 4444 —-
2349 4400 2684 4465 constituit
2715 4435 2800 4443 —-
2834 4399 3123 4466 Ghinum
3167 4400 3246 4466 de

375 4514 874 4580 Freschobuldis
927 4551 1003 4559 -
1056 4539 1243 4582 suum
1288 4517 1691 4601 legiptimum
1737 4525 2216 4602 procuratorem
2259 4525 2378 4580 cet.

600 4631 789 4696 Anno
824 4638 991 4695 1281
1031 4627 1196 4716 (82),
1248 4633 1350 4696 die
1396 4638 1479 4694 22
1514 4631 1856 4696 Februarii
1896 4626 1981 4715 (a.
2017 4653 2072 4695 a.
2111 4629 2189 4695 Ο.
2238 4653 2299 4716 p.
2336 4632 2421 4695 66
2437 4624 2526 4713 b).

598 4746 918 4811 Dominus
948 4744 1433 4831 Maghinardu8‚
1482 4745 1654 4811 filius
1703 4745 2027 4831 quondam
2059 4745 2303 4810 domini
2333 4744 2639 4810 Farinate
2672 4745 2750 4810 de
2781 4745 3065 4830 Ubertis,
3101 4769 3248 4811 eon-

379 4861 587 4925 stituit
634 4871 752 4927 cet.
802 4873 874 4926 ut
920 4885 1130 4948 supra.

602 4977 792 5041 Anno
826 4985 993 5041 1281
1034 4973 1198 5060 (82),
1249 4979 1589 5040 indictione
1623 4984 1731 5059 10,
1779 4980 1881 5042 die
1910 4983 1951 5040 3
1983 4978 2212 5040 ‘mensis
2242 4978 2475 5041 Martii
2517 4972 2601 5060 (a.
2637 5001 2692 5042 a.
2729 4973 2807 5042 Ο.
2855 5001 2916 5063 p.
2952 4977 3034 5042 67
3051 4973 3136 5060 a).

598 5093 918 5158 Dominus
966 5092 1219 5159 Ghinus
1269 5093 1348 5155 de
1379 5091 1898 5177 Freschobaldis,
1949 5101 2323 5178 procurator
2369 5103 2433 5156 et
2479 5092 2742 5156 nuntius
2791 5093 3090 5177 specialis
3139 5092 3247 5157 do-

379 5208 538 5272 mini
582 5208 746 5296 Lupi
796 5208 1119 5294 quondam
1165 5208 1219 5273 F
1225 5208 1473 5273 arinate
1520 5207 1598 5271 de
1644 5205 1911 5272 Ubertis
1968 5243 2050 5252 --
2111 5217 2176 5270 et
2220 5217 2592 5293 procurator
2640 5207 2882 5271 domini
2915 5207 3249 5294 Paganelli
