4009 5859
1829 401 1958 467 283

681 580 836 647 120.
909 583 1040 647 Die
1083 580 1290 645 XXX
1331 580 1501 644 Julii
1544 577 1630 663 (a.
1665 603 1721 644 a.
1758 578 1836 645 O.
1869 580 2021 643 filza
2054 581 2140 644 30
2184 601 2246 664 p.
2284 573 2425 659 3b).

677 716 1027 782 Laurentio
1058 714 1112 780 F
1116 715 1319 801 ilippi,
1371 715 1841 800 capomagistro
1891 713 2047 780 dicti
2095 713 2327 800 operis,
2378 734 2493 797 pro
2544 735 2659 776 suo
2702 712 2936 777 salario
2970 710 3124 778 dicti
3158 735 3333 777 men-

456 836 546 900 sis
593 835 752 900 Julii
803 835 1079 901 florenos
1129 835 1169 900 8
1217 833 1376 899 auri.

681 1020 823 1087 121.
895 1024 1024 1088 Die
1083 1023 1144 1088 V
1177 1025 1408 1087 ‘mensis
1459 1021 1846 1108 Septembris
1891 1015 1976 1104 (a.
2014 1043 2068 1084 a.
2106 1014 2185 1084 O.
2234 1041 2295 1104 p.
2331 1012 2477 1101 5b).

676 1155 1024 1222 Laurentio
1057 1156 1317 1243 Filippi,
1370 1154 1839 1242 capomagistro
1889 1151 2045 1218 dicti
2093 1153 2323 1237 operis,
2376 1174 2492 1238 pro
2540 1175 2655 1216 suo
2701 1151 2933 1217 salario
2968 1150 3125 1216 dicti
3158 1173 3331 1215 men-

456 1274 546 1338 sis
593 1273 875 1358 Augusti
924 1274 1202 1339 florenos
1251 1272 1292 1338 8
1341 1272 1501 1337 auri.

678 1460 828 1527 122.
903 1463 1033 1528 Die
1079 1462 1300 1528 XVII
1341 1461 1624 1526 Ottuboie
1670 1456 1756 1543 (a.
1791 1483 1846 1524 a.
1883 1457 1961 1524 Ο.
2013 1481 2073 1545 p.
2114 1454 2291 1540 1822).

677 1595 1027 1662 Laurentio
1074 1593 1334 1682 Filippi,
1387 1594 1925 1682 eapudmagistm,
1976 1617 2091 1680 pro
2140 1592 2374 1658 salario
2422 1593 2665 1658 mensis
2703 1588 3103 1678 Septembris
3151 1593 3332 1658 flore-

452 1737 571 1780 nos
620 1715 661 1780 8
709 1715 865 1779 auri.

677 1901 828 1968 123.
900 1904 1030 1968 Die
1075 1902 1208 1967 XX
1228 1903 1320 1966 VI
1355 1904 1584 1966 mensis
1630 1901 1943 1965 Januarii
1987 1906 2184 1981 1390,
2234 1901 2576 1964 indictione
2622 1905 2704 1962 14
2755 1894 2989 1983 (1391)
3035 1892 3119 1981 (a.
3156 1921 3212 1962 a.
3247 1894 3325 1962 Ο.

453 2019 600 2086 filza
647 2021 727 2085 31
779 2043 841 2106 p.
877 2015 1021 2104 4b).

677 2190 760 2198 —-
806 2154 1163 2240 Elegerunt
1210 2189 1292 2198 —
1341 2175 1456 2239 pro
1505 2175 1622 2218 sex
1654 2153 1988 2218 mensibus
2039 2188 2123 2198 -—
2173 2151 2603 2232 Laurenoium
2634 2151 2876 2237 Filippi
2912 2185 2994 2194 —
3027 2161 3145 2215 cet.
3185 2173 3331 2215 cum

454 2271 689 2336 salario
737 2273 778 2335 8
824 2271 1213 2336 florenorum
1259 2270 1416 2335 auri.

677 2467 826 2535 124.
898 2470 1028 2533 Die
1075 2467 1255 2534 XVI
1289 2471 1518 2533 mensis
1566 2470 1796 2533 Martii
1839 2466 1925 2552 (a.
1961 2493 2017 2533 a.
2054 2466 2131 2533 O.
2182 2492 2243 2555 p.
2283 2463 2463 2550 1421).

676 2603 1035 2684 Laureneio
1091 2602 1146 2667 F
1151 2602 1332 2689 ilippi
1349 2656 1364 2686 ‚
1440 2603 1984 2689 capudmagistm,
2060 2604 2337 2668 florenos
2387 2604 2427 2667 8
2475 2603 2639 2685 auri,
2713 2625 2827 2689 pro
2897 2603 3035 2667 eius
3097 2601 3331 2667 salario

453 2722 697 2788 mensis
742 2721 973 2802 Marcii
1019 2721 1358 2807 presentis.

675 2907 826 2974 125.
903 2911 1026 2974 Die
1089 2910 1299 2974 VIIII
1335 2913 1564 2974 mensis
1613 2911 1783 2974 Maii
1826 2905 1910 2993 (a.
1947 2933 2002 2973 a.
2040 2907 2118 2973 Ο.
2168 2931 2229 2994 p.
2270 2903 2445 2987 19a).

674 3043 1011 3126 Laureneo
1057 3044 1327 3130 Filippi,
1390 3044 1888 3129 capomagistr0‚
1947 3065 2063 3129 pro
2113 3065 2227 3108 suo
2278 3043 2511 3106 salario
2559 3042 2801 3106 mensis
2848 3042 3099 3127 Aprilis
3148 3042 3330 3105 flore·

452 3182 572 3224 nos
613 3162 654 3224 8
694 3161 854 3225 auri.

678 3347 831 3413 126.
904 3350 1036 3414 Die
1079 3349 1279 3415 XXX
1323 3352 1554 3413 ‘mensis
1601 3350 1772 3414 Maii
1817 3354 1983 3412 1391
2040 3344 2126 3432 (a.
2160 3372 2215 3412 a.
2252 3345 2331 3412 O.
2379 3370 2440 3433 p.
2477 3342 2657 3431 21a).

676 3519 760 3528 -—
808 3483 1296 3548 Afirmauerunt
1342 3494 1406 3548 et
1453 3483 1532 3548 de
1579 3507 1746 3548 nouo
1796 3484 2115 3569 eligerunt
2158 3507 2273 3570 pro
2321 3491 2606 3569 tempore
2640 3483 2680 3547 6
2728 3483 3067 3566 mensium,
3114 3482 3326 3547 initia-

451 3607 662 3662 torum
711 3597 813 3661 die
861 3599 1070 3685 prima
1100 3598 1238 3664 Mai
1270 3608 1335 3664 et
1366 3599 1796 3664 finiendorum
1844 3599 1947 3664 die
1994 3599 2223 3663 ultima
2269 3599 2510 3663 mensis
2545 3596 2860 3682 Ottubris‚
2911 3597 3328 3663 Laurentium

450 3713 711 3800 Filippi,
765 3715 1322 3800 capomagistrum‚
1375 3739 1522 3780 cum
1570 3716 1804 3781 salario
1853 3717 1894 3782 8
1941 3717 2329 3780 florenorum
2377 3715 2535 3780 auri.

676 3900 820 3967 127.
893 3904 1022 3969 Die
1067 3904 1350 3970 XXVII
1380 3908 1611 3968 mensis
1654 3905 1822 3969 Julii
1863 3900 1948 3989 (a.
1985 3929 2043 3970 a.
2078 3902 2157 3970 Ο.
2190 3905 2339 3970 filza
2372 3906 2454 3970 32
2503 3928 2563 3991 p.
2598 3907 2738 3980 9a).

674 4034 1024 4102 Laurentio
1056 4037 1110 4102 F
1113 4038 1316 4125 ilippi,
1370 4038 1906 4126 capudmagistm,
1957 4061 2073 4125 pro
2122 4040 2259 4105 eius
2292 4039 2524 4104 salario
2556 4041 2747 4104 unius
2778 4039 3039 4122 mensis,
3091 4038 3325 4103 initiati

452 4152 554 4218 die
603 4155 810 4239 primo
860 4156 1102 4221 mensis
1148 4154 1328 4239 Julii,
1380 4196 1468 4207 —
1514 4155 1791 4220 florenos
1841 4158 1882 4220 8
1929 4156 2087 4220 auri.

675 4349 825 4417 128.
899 4355 1025 4417 Die
1061 4357 1278 4440 primo
1328 4353 1712 4440 Septembris
1760 4361 1926 4419 1391
1983 4353 2070 4439 (a.
2106 4377 2161 4420 a.
2199 4352 2277 4419 Ο.
2328 4355 2475 4419 filza
2522 4357 2604 4420 32
2651 4378 2712 4441 p.
2753 4352 2935 4436 11b).

672 4484 1021 4552 Laurentio
1068 4487 1326 4574 Filippi,
1380 4488 1866 4574 capomagistm,
1931 4511 2048 4574 pro
2092 4512 2207 4553 suo
2249 4488 2484 4554 salario
2532 4488 2773 4553 mensis
2818 4487 3097 4573 Augusti
3147 4487 3327 4552 flore-

451 4624 568 4665 nos
617 4602 657 4666 8
705 4603 862 4667 auri.

671 4786 826 4854 129.
897 4791 1028 4855 Die
1073 4791 1206 4855 XX
1228 4792 1322 4858 VI
1361 4791 1746 4879 Septembm'e
1792 4789 1876 4875 (a.
1913 4817 1968 4857 a.
2005 4791 2085 4858 Ο.
2127 4816 2188 4879 p.
2222 4788 2399 4877 15a).

670 4922 1019 4990 Laurentio
1042 4925 1302 5011 Filippi,
1332 4927 1820 5012 capomagistm,
1860 4961 1942 4970 —-
1976 4951 2091 5014 pro
2129 4950 2350 4992 mense
2373 4923 2772 5012 Septembris
2798 4927 3073 4991 florenos
3102 4927 3141 4991 8
3168 4927 3326 4991 auri.

673 5110 829 5178 130.
900 5114 1029 5177 Die
1073 5114 1207 5178 XX
1231 5114 1360 5179 VII
1403 5115 1682 5180 Ottobm's
1729 5111 1815 5198 (a.
1851 5139 1907 5180 a.
1944 5114 2023 5180 O.
2057 5137 2118 5201 p.
2146 5109 2328 5198 21a).

671 5245 1020 5311 Laurentio
1068 5247 1120 5311 F
1126 5248 1326 5333 ilippi,
1379 5249 1868 5334 capomagistro‚
1921 5282 2004 5291 —
2054 5272 2167 5333 pro
2199 5263 2421 5312 mense
2456 5246 2749 5312 Ottobris
2781 5247 3057 5310 florenos
3092 5247 3133 5312 8
3166 5245 3323 5309 auri.

2796 5349 2900 5403 36*
