4009 5859
1790 382 1915 445 175

635 555 750 620 62.
850 559 1037 621 Anno
1088 562 1259 621 1304
1280 607 1299 640 ,
1369 559 1471 622 die
1530 558 1783 623 Veneris
1839 566 1877 621 4
1925 561 2203 623 intrante
2259 581 2464 624 mense
2518 560 2886 625 Decembris
2940 557 3282 644 (Consulte

408 673 558 738 filza
603 677 645 739 6
691 697 751 760 p.
788 675 873 740 36
891 669 979 757 b).

632 807 712 870 In
766 807 1035 873 consilio
1092 817 1373 872 centum:
1468 806 1632 871 Item
1691 806 1862 892 quod
1908 807 2167 892 inmago
2235 806 2557 873 «Iohannis
2604 808 2856 874 Batiste
2927 819 3055 874 stet
3109 821 3284 876 recta

409 921 478 985 in
524 931 784 987 moneta
829 925 1133 1008 argentea
1175 921 1394 986 fienda
1438 931 1503 986 et
1547 945 1678 986 non
1725 922 1961 988 sedeat.

632 1036 802 1103 Item
854 1039 922 1102 in
975 1037 1177 1103 muris
1224 1037 1537 1102 faciendis
1584 1038 1767 1103 iuxta
1809 1049 2064 1124 portam
2109 1039 2458 1124 Mugnonis
2507 1039 2587 1106 de
2635 1037 2943 1126 Sangallo
2991 1053 3056 1107 et
3101 1044 3284 1108 iuxta

408 1163 662 1239 portam
708 1151 1051 1219 Chandide
1101 1177 1302 1240 usque
1348 1155 1416 1218 in
1464 1155 1887 1240 quantitatem
1936 1157 2071 1220 200
2115 1156 2426 1220 librarum
2460 1156 2813 1222 secundum
2844 1159 3279 1244 prouisionem

409 1269 695 1353 priorum
741 1278 807 1333 et
852 1269 1196 1334 uexilliferi
1244 1278 1310 1334 et
1356 1270 1499 1354 plus
1548 1281 1613 1334 et
1658 1271 1871 1335 minus
1918 1270 2002 1335 ad
2051 1294 2272 1336 eorum
2316 1272 2592 1338 liberam
2639 1273 3054 1339 uoluntatem.

634 1436 749 1503 63.
844 1439 1035 1504 Anno
1085 1445 1280 1519 1311,
1328 1441 1675 1504 indictione
1713 1446 1777 1519 9,
1828 1442 1931 1504 die
1978 1447 2062 1504 14
2096 1441 2280 1506 Julii.
2354 1438 2489 1507 Gfr.
2541 1440 2726 1528 Gaye
2772 1442 2807 1506 I
2850 1464 2911 1529 p.
2951 1445 3097 1508 450.

631 1606 746 1672 64.
842 1610 1031 1674 Anno
1080 1615 1252 1673 1313
1302 1605 1553 1692 (1314),
1604 1611 1706 1673 die
1750 1615 1789 1672 9
1840 1609 2183 1674 Februarii
2225 1605 2566 1693 (Consulte
2611 1611 2760 1676 filza
2810 1614 2892 1678 lO
2937 1635 2999 1698 p.
3038 1609 3217 1695 752).

628 1741 707 1806 In
778 1743 1048 1808 consilio
1112 1753 1369 1807 centum
1435 1743 1719 1807 uirorum
1788 1743 1854 1806 in
1923 1744 2189 1829 pallatio
2236 1745 2476 1831 populi.
2573 1745 2739 1810 Item
2784 1746 3163 1832 petitionem
3211 1759 3276 1812 et

408 1858 861 1943 prouisionem,
912 1858 1150 1923 factam
1196 1881 1388 1944 super
1435 1857 1647 1923 dando
1696 1868 1937 1923 certam
1982 1871 2234 1945 partem
2279 1883 2606 1925 murorum
2639 1862 2922 1926 ciuitatis
2952 1862 3280 1927 Florentie

408 1973 585 2057 operi
633 1984 698 2037 et
743 1974 1015 2039 ecclesie
1063 1985 1285 2040 sancte
1331 1973 1672 2059 Reparate.

631 2086 839 2174 Super
882 2090 1192 2176 petitione
1239 2090 1503 2177 capituli
1550 2099 1773 2156 sancte
1817 2090 2142 2176 Reparate
2187 2091 2432 2176 placuit
2479 2091 2583 2175 91,
2634 2092 2979 2158 noluerunt
3026 2094 3084 2156 3.

627 2204 707 2268 In
754 2205 1023 2271 consilio
1072 2206 1336 2291 speciali
1382 2215 1447 2270 et
1492 2206 1935 2291 capitudinum
1981 2207 2224 2292 placuit
2269 2208 2375 2291 57,
2426 2208 2771 2273 noluerunt
2816 2211 2876 2274 5.

627 2321 757 2385 Die
804 2330 883 2385 11
919 2320 1263 2386 Februarii
1304 2320 1577 2405 (ibidem
1622 2343 1683 2406 p.
1723 2324 1806 2387 76
1825 2317 1909 2405 b).

629 2435 706 2500 In
756 2437 1025 2502 consilio
1072 2437 1357 2522 generali
1406 2437 1537 2502 300
1582 2447 1647 2502 et
1692 2438 1957 2523 speciali
1990 2439 2079 2504 90
2125 2439 2410 2504 uirorum
2463 2439 2706 2526 placuit
2738 2441 3038 2505 omnibus
3071 2441 3276 2526 quasi.

630 2604 745 2670 65.
843 2608 1029 2671 Anno
1079 2614 1276 2688 1316,
1324 2610 1667 2672 indictione
1715 2615 1820 2691 14,
1869 2610 1972 2674 die
2019 2616 2102 2672 20
2137 2611 2412 2695 Aprilis.
2488 2605 2622 2674 Cir.
2673 2608 2858 2696 Gaye
2902 2609 2936 2672 I
2983 2631 3045 2696 p.
3077 2611 3232 2694 ⁸450.

631 2775 750 2842 66.
844 2778 1037 2842 Anno
1084 2784 1258 2842 1317
1307 2773 1472 2862 (18),
1523 2780 1625 2842 die
1669 2784 1757 2842 26
1787 2779 2098 2843 Januarii
2139 2775 2482 2863 (Consulto
2527 2779 2678 2842 filza
2727 2781 2804 2843 11
2857 2801 2916 2864 p.
2951 2774 3133 2862 40a).

630 2911 709 2976 In
755 2912 1026 2977 consilio
1074 2924 1358 2977 centum:

627 3026 797 3092 Item
841 3029 1297 3113 prouisionem,
1366 3027 1603 3092 factam
1672 3049 1862 3113 super
1909 3051 2004 3112 e0,
2076 3027 2249 3113 quod
2296 3028 2629 3092 camerarii
2678 3049 2926 3092 camere
2975 3026 3129 3092 dicti
3180 3050 3280 3091 co-

408 3143 621 3207 munis
653 3143 921 3228 possint,
971 3152 1313 3209 teneantur
1359 3149 1419 3210 et
1469 3144 1745 3208 debeant
1792 3143 1943 3209 dare
1992 3153 2058 3208 et
2104 3143 2353 3208 soluere
2387 3145 2755 3208 camerariis
2787 3143 3128 3228 religiosis,
3173 3142 3280 3208 de-

408 3259 647 3344 putatis
696 3282 888 3344 super
938 3260 1415 3325 constructione
1462 3283 1791 3325 murorum
1839 3261 2122 3324 ciuitatis
2155 3259 2500 3342 Florentio,
2551 3259 2733 3323 illam
2780 3259 3050 3344 pecunie
3082 3283 3278 3344 quan-

409 3375 677 3457 titatem,
752 3398 946 3460 quam
1016 3375 1517 3441 deliberauerint
1561 3377 1807 3462 priores
1864 3387 1930 3440 et
1984 3375 2322 3458 uexillifer,
2373 3386 2706 3462 presentes
2754 3386 2818 3439 et
2865 3398 3085 3439 eorum
3134 3376 3280 3440 sub·
3372 3365 3384 3375 ⁸

410 3509 717 3574 cessoreS,
768 3493 968 3556 semel
1014 3502 1079 3556 et
1117 3492 1379 3579 pluries.

631 3659 740 3725 67.
825 3662 1012 3726 Anno
1047 3669 1243 3744 1318,
1296 3664 1641 3726 indictione
1673 3670 1735 3742 1,
1781 3665 1882 3726 die
1929 3671 2006 3726 11
2047 3662 2303 3748 Aprilis
2350 3660 2628 3746 (ProviS.
2662 3662 2810 3726 filza
2845 3662 2925 3726 15
2958 3684 3020 3747 p.
3050 3661 3177 3726 156
3193 3655 3276 3744 a).

411 3771 544 3840 Cfr.
594 3774 778 3863 Gaye
824 3777 859 3841 I
901 3800 963 3864 p.
997 3778 1149 3843 452.
2239 3775 2245 3780 ’

632 3945 747 4011 68.
841 3947 1031 4013 Anno
1083 3954 1285 4028 1319,
1341 3950 1686 4013 indictione
1730 3955 1804 4028 2,
1867 3949 1969 4013 die
2014 3954 2102 4012 26
2148 3951 2426 4012 intrante
2469 3969 2676 4012 mense
2725 3948 2954 4011 Martii
2996 3945 3274 4030 (Provis.

408 4063 557 4127 filza
604 4065 687 4127 15
735 4086 795 4148 Ρ.
829 4059 1012 4146 49a).

627 4197 741 4262 Ad
786 4197 909 4263 hoc
956 4208 1026 4262 ut
1070 4199 1344 4284 pecunia
1388 4198 1863 4283 presentialiter
1907 4197 2222 4262 habeatur
2267 4207 2331 4261 et
2378 4197 2680 4261 deueniat
2720 4197 2790 4260 in
2822 4197 3097 4278 comuni,
3146 4192 3278 4279 (su-

407 4309 712 4398 pradicti)
781 4313 1026 4379 domini
1094 4315 1341 4400 priores
1411 4315 1645 4378 artium
1714 4322 1779 4378 et
1827 4313 2147 4378 uexillifer
2191 4313 2437 4379 iustitie
2486 4353 2568 4362 —
2617 4313 3036 4399 prouiderunt
3084 4352 3165 4362 —
3215 4322 3279 4406 et

409 4431 894 4513 stantiauerunt,
944 4430 1117 4516 quod
1163 4429 1417 4516 prouidi
1464 4430 1617 4495 viri:
1698 4429 1984 4495 Duccius
2032 4429 2387 4514 Angiolini,
2436 4428 2679 4494 Loctus
2728 4430 2808 4493 de
2848 4427 3273 4511 GuidaloctiS,

408 4545 636 4610 Noffus
708 4546 952 4610 domini
1022 4544 1302 4612 Gentilis
1375 4545 1454 4610 de
1522 4544 2125 4629 BondelmontibuS,
2196 4544 2448 4609 Bindus
2495 4541 2777 4630 Scholay
2834 4544 2913 4609 de
2961 4541 3274 4628 Somaria,

378 4659 719 4725 ·Albertus
767 4656 1174 4726 Chiarissimi
1244 4671 1309 4725 et
1351 4659 1815 4725 Aldobrandus
1864 4658 2202 4744 Gherardi,
2273 4661 2592 4744 offitialeS,
2663 4682 2780 4747 pro
2828 4661 3083 4725 comuni
3131 4660 3278 4724 Flo-

407 4776 613 4840 rentie
662 4776 849 4840 electi
895 4799 1085 4864 super
1124 4775 1470 4841 ·uendendo
1520 4775 1599 4840 de
1646 4777 1919 4841 terrenis
1966 4787 2034 4840 et
2079 4777 2234 4841 solis
2285 4776 2595 4855 comunis,
2645 4777 2900 4863 possint
2945 4776 3163 4860 eisque
3203 4775 3278 4839 li-

410 4900 551 4954 ceat
594 4891 873 4955 uendere
921 4893 1114 4958 simili
1164 4891 1354 4956 modo
1402 4892 1599 4956 etiam
1647 4891 1725 4956 de
1755 4889 2017 4975 muris¹)
2063 4893 2388 4957 ueteribus
2422 4893 2704 4958 ciuitatis
2734 4891 3081 4974 Florentia,
3133 4891 3277 4955 sitis

410 5006 571 5070 citra
615 5007 895 5089 Arnum3
966 5018 1031 5071 et
1106 5009 1301 5072 etiam
1348 5006 1428 5071 de
1474 5007 1966 5093 quibuscunque
2028 5008 2421 5072 casolaribus
2472 5006 2628 5070 dicti
2675 5007 2992 5090 eomuniS,
3045 5006 3149 5070 uel
3195 5005 3279 5070 ad

589 5205 629 5272 ¹)
668 5203 801 5257 Also
838 5203 1149 5258 verkauften
1187 5205 1337 5259 diese
1376 5205 1667 5260 Uffizialen
1705 5206 1908 5260 bereits
1944 5223 2052 5259 von
2091 5205 2195 5260 den
2234 5205 2402 5259 Muris
2443 5203 2581 5258 ultra
2617 5205 2839 5259 Arnum.
