4009 5859
1789 416 1920 478 203

404 590 704 678 Philippo
737 591 1076 677 Magalotti
1108 587 1325 674 (inb),
1361 592 1436 655 2⁰
1462 590 1710 678 Jacopo
1746 591 1811 656 di
1844 589 2095 656 Duecio
2119 589 2408 656 Mancini
2436 588 2546 674 (97
2568 585 2631 674 a)
2665 613 2699 654 e
2732 591 2798 655 di
2822 591 3101 655 Manieri
3126 586 3288 674 (95).

402 707 460 771 E
508 707 730 793 quindi
782 731 868 772 un
915 707 1078 772 altro
1127 705 1381 772 chiasso
1428 703 1638 792 (K2·?)
1690 708 1797 772 nel
1847 707 2021 772 detto
2069 707 2259 792 luogo
2310 706 2413 771 del
2460 703 2856 792 Guarffingo,
2907 731 2945 772 a
2990 707 3095 772 cui
3144 730 3289 772 oon-

401 825 702 890 finavano
751 825 772 888 i
820 824 1173 910 sopradetti
1218 821 1384 907 (also
1431 849 1528 889 nr.
1568 827 1601 888 1
1652 848 1712 888 u.
1761 848 1858 889 nr.
1895 819 1965 904 2)
2015 847 2049 887 e
2096 824 2115 888 i
2167 821 2519 888 Belalberti
2568 819 2816 906 (100‘2).

625 991 740 1059 94.
814 993 1004 1057 Anno
1038 1000 1234 1074 1333,
1283 995 1627 1058 indictione
1676 1000 1738 1071 1,
1789 994 1891 1057 die
1921 999 1962 1056 3
2005 995 2236 1058 mensis
2274 991 2662 1078 Septembris
2708 973 2987 1075 (Provis.
3020 993 3172 1057 filza
3203 993 3289 1058 26

402 1135 462 1198 p.
501 1112 690 1189 36b).
776 1108 908 1176 Cfr.
945 1108 1130 1196 Gaye
1178 1107 1211 1172 I
1259 1133 1318 1195 p.
1353 1109 1483 1176 478
1530 1104 1678 1192 (mit
1720 1107 2036 1173 falschem
2084 1109 2219 1204 (27.
2253 1102 2455 1194 Aug.)
2488 1107 2781 1186 Datum).

621 1280 734 1346 95.
810 1282 998 1346 Anno
1032 1287 1226 1364 1335,
1274 1281 1619 1345 indictione
1661 1287 1742 1360 4,·
1775 1281 1878 1344 die
1923 1287 1962 1343 8
2013 1282 2245 1346 mensis
2278 1279 2661 1345 Nouembris
2708 1278 2987 1364 (Provis.
3021 1280 3171 1345 filza
3202 1281 3285 1346 27

398 1421 460 1485 p.
501 1399 612 1482 lb,
665 1397 846 1486 Gaye
894 1397 928 1462 I
973 1419 1035 1484 p.
1070 1393 1248 1480 484).

625 1575 706 1582 -
756 1532 882 1597 Per
929 1533 1225 1598 dominos
1281 1533 1525 1619 priores
1597 1533 1833 1597 artium
1888 1542 1952 1597 et
1998 1531 2433 1597 uexilliferum
2480 1534 2725 1598 iustitie
2774 1573 2858 1582 —-
2908 1534 3289 1599 stantiatum

395 1651 533 1734 fuit,
585 1650 756 1736 quod
803 1650 929 1736 ipsi
978 1649 1220 1714 domini
1270 1649 1517 1736 priores
1567 1650 1802 1714 artium
1849 1659 1912 1713 et
1945 1649 2270 1714 uexillifer
2316 1649 2560 1714 iustitie
2594 1673 2724 1714 una
2771 1673 2917 1714 cum
2966 1649 3165 1714 offitio
3202 1651 3285 1715 12

396 1767 714 1830 bonorum
760 1765 1046 1830 uirorum
1089 1766 1343 1852 possint
1391 1766 1610 1851 eisque
1641 1765 1835 1830 liceat
1880 1789 1995 1852 pro
2030 1767 2287 1830 comuni
2320 1765 2647 1831 Florentie
2697 1766 2933 1852 eligere
2982 1776 3045 1831 et
3089 1766 3283 1852 depu-

396 1893 529 1947 tare
563 1905 680 1947 sex
711 1884 916 1947 bonos
952 1882 1144 1966 uirOS‚
1196 1882 1371 1946 ciues
1405 1880 1836 1966 Florentinos,
1871 1882 2235 1968 populares»,
2288 1905 2484 1962 tinum
2518 1880 2821 1947 uidelicet
2849 1905 2966 1968 pro
2999 1883 3286 1967 quolibet

397 2007 606 2081 sextu,
659 2019 820 2083 quos
866 1996 1216 2080 noluerint,
1290 2019 1405 2082 pro
1461 2006 1750 2083 tempore
1821 2008 1885 2062 et
1937 1997 2241 2081 termino,
2317 2020 2443 2082 quo
2493 1999 2585 2063 eis
2637 1997 2987 2081 uidebitur,
3063 1997 3171 2082 qui
3220 2007 3285 2062 et

395 2115 600 2179 maior
660 2137 807 2201 pars
857 2137 1078 2178 eorum
1133 2153 1214 2162 -—
1277 2122 1495 2178 emant
1542 2154 1624 2162 —
1673 2113 2000 2200 quoddam
2046 2113 2358 2200 palatium
2404 2136 2519 2178 seu
2564 2113 2692 2178 tria
2736 2112 2978 2198 palatia
3022 2109 3092 2196 (a
3120 2114 3163 2179 b
3199 2109 3279 2197 c),

394 2228 664 2294 distinta.
707 2229 776 2294 in
821 2229 948 2294 tria
1014 2227 1366 2314 habituria,
1439 2252 1586 2295 cum
1632 2231 1838 2296 tribus
1898 2231 2095 2296 curiis
2146 2231 2213 2308 (d
2246 2253 2281 2294 e
2312 2226 2367 2312 f)
2413 2242 2583 2296 retro
2632 2253 2719 2314 se,
2772 2240 2835 2294 et
2882 2253 3028 2295 eum
3076 2230 3282 2295 tribus

394 2345 693 2411 domibus
739 2347 958 2432 paruis
1006 2341 1076 2432 (g
1107 2346 1149 2411 h
1181 2341 1232 2429 i)
1280 2356 1450 2413 retro
1498 2347 1674 2434 ipsas
1723 2347 1954 2432 curias,
2008 2356 2071 2412 et
2118 2369 2263 2412 cum
2296 2347 2504 2412 tribus
2546 2347 2777 2432 puteis,
2828 2354 2893 2410 et
2938 2369 3084 2410 cum
3131 2368 3282 2432 qua-

393 2461 542 2526 dam
589 2451 952 2527 alia'domo
999 2486 1200 2549 parua
1245 2459 1344 2545 (k)
1392 2485 1472 2526 ex
1521 2463 1721 2527 latere
1769 2463 1873 2527 uie
1919 2461 2363 2528 Maneriorum
2407 2461 2542 2546 (K1
2579 2457 2738 2545 ΚΞ),
2788 2484 2913 2547 que
2962 2469 3061 2526 est
3098 2461 3284 2526 iuxta

390 2577 628 2664 logiam
671 2574 752 2662 (l)
799 2578 877 2643 de
919 2577 1234 2644 Maneriis
1284 2588 1346 2642 et
1401 2601 1547 2644 oum
1587 2579 1868 2664 quodam
1913 2602 2097 2644 muro
2140 2575 2285 2663 (m),
2345 2579 2452 2664 qui
2510 2587 2609 2643 est
2669 2579 2853 2642 iuxta
2914 2578 3136 2643 domos
3183 2573 3282 2661 (v)

391 2692 470 2757 de
515 2691 830 2760 Maneriis
879 2717 958 2758 ex
1008 2695 1137 2760 alia
1181 2705 1362 2780 part-e
1410 2696 1512 2760 uie
1561 2691 1753 2778 (Ml),
1813 2718 1936 2780 que
1970 2705 2071 2760 est
2103 2695 2272 2760 inter
2305 2695 2543 2760 dietam
2587 2693 2848 2759 domum
2880 2713 3148 2781 paruam
3180 2690 3281 2777 (k)

391 2819 456 2874 et
503 2810 749 2874 dictum
798 2835 1050 2876 murum
1093 2807 1242 2895 (m),
1304 2834 1432 2896 qua
1487 2812 1595 2876 uia
1639 2813 1768 2876 itur
1829 2813 1895 2876 in
1953 2812 2387 2899 gardinghum
2434 2807 2605 2895 (W),
2678 2820 2744 2874 et
2798 2833 2945 2874 cum
3000 2809 3279 2896 quodam

391 2926 675 2991 turrione
723 2921 842 3009 (n),
894 2927 1004 3012 qui
1052 2937 1151 2991 est
1195 2927 1380 2992 iuxta
1425 2951 1538 2993 seu
1573 2938 1743 2992 retro
1777 2928 2019 2993 dictam
2051 2929 2313 2994 domum
2344 2951 2613 3014 paruam
2659 2922 2760 3011 (k)
2806 2926 2991 2990 iuxta
3038 2926 3279 2990 dictam

388 3042 560 3107 uiam
593 3041 694 3125 (M
713 3038 784 3127 1),
837 3067 964 3129 qua
995 3044 1122 3108 itur
1169 3045 1237 3109 in
1278 3044 1707 3130 gardinghum
1739 3041 1901 3128 (W),
1953 3055 2019 3109 et
2051 3068 2196 3110 cum
2228 3045 2507 3130 quadam
2540 3042 2669 3107 alia
2701 3042 2890 3107 domo
2921 3064 3126 3128 parua
3157 3037 3271 3125 (o),

391 3180 512 3243 que
569 3167 667 3223 est
735 3158 918 3223 iuxta
979 3159 1220 3224 dictum
1284 3160 1596 3246 palatium
1663 3157 1731 3244 (a
1763 3162 1803 3226 b
1839 3157 1901 3244 c)
1959 3171 2021 3225 et
2056 3212 2383 3226 .......
2398 3157 2445 3244 ¹)
2502 3159 2772 3224 ecclesie
2842 3158 3051 3223 sancti
3097 3158 3273 3222 Petri

389 3269 756 3358 Scheradii,
838 3276 906 3340 in
976 3298 1104 3360 qua
1179 3285 1464 3340 moratur
1541 3275 1874 3342 Johannes
1944 3277 2350 3365 pelliparius,
2431 3286 2495 3341 et
2571 3297 2718 3339 cum
2793 3274 3073 3360 quadam
3146 3273 3275 3338 alia

392 3389 580 3454 domo
629 3385 728 3476 (p)
762 3442 1035 3456 ......
1087 3390 1332 3468 (Lticke
1379 3388 1650 3478 parva?)
1699 3416 1782 3457 ex
1813 3394 2110 3479 opposito
2157 3393 2381 3479 palatii
2429 3392 2668 3478 populi,
2720 3400 2963 3455 etcum
2996 3389 3275 3476 quadam

391 3507 518 3571 alia
573 3507 760 3572 domo
817 3503 945 3592 (q),
1009 3531 1133 3593 que
1189 3518 1289 3573 est
1341 3508 1524 3573 iuxta
1579 3508 1819 3573 dictam
1873 3509 2134 3575 domum
2186 3509 2281 3594 (o)
2338 3559 2573 3574 ......
2630 3503 2880 3591 (Lficke
2912 3501 3269 3593 parvam?),

391 3631 454 3686 et
501 3645 644 3687 cum
693 3623 971 3708 quadam
1017 3623 1146 3688 alia
1193 3624 1382 3689 domo
1430 3633 1494 3688 et
1541 3625 1720 3689 curia
1765 3620 1884 3708 (r),
1938 3646 2063 3710 que
2112 3636 2212 3691 est
2256 3626 2437 3690 iuxta
2483 3625 2680 3707 uiam,
2735 3624 2836 3688 eui
2884 3623 3119 3687 dicitur
3164 3623 3274 3687 uia

391 3739 468 3802 de
516 3738 836 3804 Bellanda
881 3735 993 3823 (L)
1042 3737 1122 3816 “3¹5³
1177 3741 1471 3826 opposito
1519 3735 1684 3817 (ῩἺἺῬ)
1739 3741 1957 3828 populi
1972 3742 2049 3824 ⁹),
2124 3741 2206 3806 ad
2266 3765 2466 3806 unum
2522 3763 2589 3805 se
2646 3747 2967 3822 tenenteS‚
3039 3738 3269 3825 positis

389 3853 715 3920 Florentie
761 3857 828 3921 in
877 3857 1112 3942 populo
1162 3857 1367 3922 sancti
1415 3856 1592 3921 Petri
1639 3854 2003 3940 Scheradii3
2066 3859 2299 3943 quibus
2348 3833 2668 3939 omnilnm,
2719 3857 2814 3921 sic
2861 3853 3055 3920 simul
3102 3876 3269 3918 com-

387 3970 745 4056 prehensis,
796 3995 834 4036 a
877 3968 943 4055 1)
991 3973 1099 4036 uie,
1129 3971 1261 4056 (E),
1315 3994 1436 4058 que
1485 3983 1584 4038 est
1629 3973 1699 4037 in
1745 3974 1958 4038 medio
2005 3975 2174 4038 inter
2221 3974 2464 4038 dietum
2510 3973 2821 4059 palatium
2868 3994 2982 4036 seu
3028 3969 3271 4056 palatia

388 4096 450 4150 et
493 4087 722 4153 domos
771 4097 834 4153 et
881 4089 1218 4153 ecclesiam
1275 4090 1481 4154 saneti
1527 4088 1704 4154 Petri
1751 4085 2115 4172 Scheradii3
2188 4113 2227 4153 a
2264 4085 2332 4172 2)
2382 4089 2574 4171 uia³)‚
2650 4111 2777 4174 qua
2844 4088 2973 4152 itur
3042 4110 3267 4153 uersus

389 4203 611 4269 domos
661 4204 740 4269 de
788 4199 952 4288 (K2)
1009 4204 1320 4270 Maneriis
1368 4205 1438 4269 in
1484 4216 1734 4291 partem
1782 4216 1845 4270 et
1891 4206 2086 4270 turris
2134 4207 2236 4284 (n)
2285 4216 2348 4270 et
2377 4203 2551 4290 logia
2596 4204 2676 4282 (l)
2726 4203 2803 4266 de
2836 4201 3150 4268 Maneriis
3198 4203 3267 4267 in

387 4330 633 4406 partem
679 4330 743 4385 et
788 4320 895 4385 uia
939 4319 1008 4384 in
1052 4329 1303 4405 partem
1356 4318 1550 4404 (K1)3
1601 4345 1640 4385 a
1673 4317 1742 4404 3)
1789 4316 1981 4404 uia⁴)‚
2042 4343 2167 4407 que
2221 4331 2321 4386 est
2388 4322 2458 4386 in
2516 4320 2728 4384 medio
2796 4319 2964 4382 inter
3026 4318 3266 4384 dictam

567 4541 606 4608 ¹)
643 4539 720 4594 Es
759 4539 904 4593 steht
941 4538 1035 4592 da:
1076 4545 1130 4592 et
1341 4557 1452 4610 ppo
1669 4539 1772 4594 elie
1807 4538 2079 4593 vielleieht
2116 4545 2173 4610 οι,
2206 4557 2269 4592 ex
2297 4539 2550 4610 opposito
2590 4537 2839 4602 ecclesi03
2888 4542 3107 4608 ergssnzt
3142 4555 3263 4590 man

389 4629 484 4682 mit
523 4628 674 4699 Geye
712 4627 926 4697 ,domos
971 4645 1114 4699 resp.
1143 4627 1396 4696 domm‘,
1436 4646 1497 4681 so
1535 4633 1776 4682 mfissten
1815 4646 1872 4681 es
1914 4629 2045 4682 zwei
2082 4627 2297 4682 Hauser
2333 4627 2465 4696 sein,
2510 4627 2591 4680 vis
2630 4626 2761 4680 evis
2799 4625 2897 4680 der
2934 4623 3267 4696 ehemaligen

383 4715 582 4771 Kirche
608 4715 714 4772 San
741 4717 900 4794 Piero
929 4717 1272 4789 ScheraggiO,
1311 4715 1406 4770 auf
1438 4714 1562 4770 dem
1587 4715 1808 4770 Ten-ain
1846 4715 1944 4770 des
1978 4714 2228 4788 heutigen
2256 4715 2485 4770 Palazzo
2506 4714 2757 4783 Vecehio,
2784 4732 2851 4767 an
2879 4713 2979 4768 der
3000 4712 3150 4768 Eeke
3171 4712 3268 4766 der

383 4805 473 4858 via
509 4804 654 4860 della
688 4806 868 4860 Ninna
903 4805 1016 4860 und
1054 4805 1334 4860 Bellanda.

561 4895 605 4963 ²)
641 4893 1054 4949 Unzweifelhaft
1086 4895 1161 4948 ist
1191 4911 1258 4961 so
1297 4913 1362 4947 zu
1401 4901 1689 4966 erganzen3
1729 4893 1880 4965 Gaye
1915 4893 2045 4948 liess
2085 4892 2175 4947 die
2210 4893 2403 4948 Worte
2439 4891 2561 4946 fort.

559 4983 602 5051 ³)
642 4982 809 5038 woh]
843 4980 1110 5036 identiseh
1147 4982 1244 5035 mit
1283 4981 1382 5035 der
1415 4983 1502 5036 via
1539 4982 1624 5036 de'
1649 4981 1902 5048 Manerii3
1953 4983 2011 5036 in
2049 4982 2171 5037 dem
2210 4983 2316 5036 den
2352 4981 2601 5036 Hausern
2638 4980 2735 5035 der
2772 4979 2998 5034 Manerii
3037 4980 3266 5035 entfern-

379 5079 532 5126 teren
569 5070 754 5126 Theile
789 5071 934 5127 wohl
972 5072 1058 5126 via
1091 5089 1294 5141 ‚versus
1334 5070 1525 5126 domos
1564 5071 1632 5125 de
1667 5071 1944 5126 Maneriis‘
1983 5076 2235 5143 genennt.

554 5162 597 5230 ⁴)
635 5161 738 5214 via
774 5160 863 5214 del
889 5159 1166 5232 Gardingo
1204 5159 1318 5214 und
1353 5160 1440 5214 via
1473 5160 1529 5213 in
1565 5160 1746 5215 medio
1783 5161 1924 5214 inter
1961 5160 2159 5215 dictam
2210 5159 2429 5214 domum
2468 5159 2535 5214 de
2559 5158 2816 5213 Maneriis
2855 5157 3105 5212 echeinen
3134 5158 3264 5211 viel-

380 5249 541 5304 leicht
577 5251 696 5318 eine
734 5248 843 5303 und
881 5249 1122 5304 dieselbe
1158 5249 1372 5304 Strasse
1409 5267 1655 5320 gewesen
1692 5269 1756 5303 zu
1795 5251 1927 5305 sein.

2726 5337 2832 5392 26·
