4009 5859
1934 509 2243 515 —-.-.—---——
2298 507 2360 514 -φ

706 594 944 660 dictam
998 597 1273 682 figuram
1327 595 1600 660 fortezze
1660 595 1811 660 hinc
1869 596 1951 660 ad
1998 597 2410 662 medietatem
2459 597 2702 661 mensis
2749 597 2963 681 Junii,
3025 598 3316 684 proxime
3361 599 3582 682 futuri,

706 713 825 776 sub
872 734 1043 798 pena
1086 713 1401 777 librarum
1446 713 1533 777 50
1579 712 1622 778 f.
1672 736 1733 798 p.

928 881 1034 947 27.
1106 883 1295 948 Anno
1347 889 1543 964 1385,
1595 884 1697 947 die
1741 883 1879 948 XX
1898 883 2074 947 VIII
2109 883 2343 948 Ᾱίαφτιϊ
2385 879 2470 968 (a.
2506 907 2563 948 a.
2600 883 2678 950 Ο.
2714 907 2776 971 p.
2817 881 2994 968 13a).

925 1007 1175 1073 Jacobo
1223 1007 1424 1092 Pieri,
1482 1009 1819 1092 magistro,
1880 1029 1996 1093 pro
2057 1018 2239 1093 parte
2287 1009 2627 1074 solutionis
2675 1009 3011 1074 cuiusdam
3056 1009 3330 1094 fighure,
3393 1033 3590 1095 quam

706 1123 860 1188 fecit
907 1132 971 1188 et
1014 1124 1226 1189 facere
1276 1123 1468 1188 debet
1514 1147 1629 1209 pro
1676 1146 1890 1208 opera,
1946 1159 2030 1168 -
2077 1125 2355 1190 florenos
2405 1127 2493 1191 30
2539 1127 2698 1190 auri.
2776 1121 3002 1208 (Wohl
3048 1123 3269 1210 Dom.)

930 1293 1044 1360 28.
1116 1295 1246 1360 Βία
1291 1295 1555 1360 XXIII
1588 1295 1778 1359 Junii
1819 1290 1905 1379 (a.
1942 1318 1997 1360 a.
2035 1292 2113 1360 Ο.
2150 1319 2211 1381 p.
2247 1290 2435 1379 23b).

928 1420 1216 1486 Johanni
1265 1418 1477 1502 Fecti,
1528 1421 1865 1505 magistre,
1914 1443 2030 1506 pro
2078 1429 2259 1506 parte
2307 1419 2646 1485 solutionis
2695 1421 2884 1507 pretii
2933 1421 3207 1508 fighure,
3260 1445 3452 1508 quam
3495 1422 3590 1486 fa·-

709 1561 853 1603 cere
897 1547 1151 1602 tenetur
1197 1537 1370 1602 dicto
1417 1537 1613 1622 operi,
1663 1537 1939 1602 florenos
1974 1539 2060 1602 10
2093 1538 2250 1621 auri,
2302 1525 2735 1602 deliberantes
2784 1561 2863 1602 ex
2910 1560 3110 1622 nunc,
3162 1537 3335 1625 quod
3378 1537 3587 1603 dictus

578 1714 582 1720 .
705 1653 1040 1719 Johannes
1110 1653 1293 1718 Fecti
1364 1654 1449 1716 sit
1517 1653 1684 1717 liber
1751 1661 1816 1716 et
1885 1652 2220 1718 absolutus
2291 1677 2330 1717 a
2398 1653 2677 1738 quadam
2750 1653 3331 1742 condempnatione
3395 1655 3588 1718 libra·

706 1794 850 1836 rum
896 1772 983 1835 50
1027 1769 1070 1835 f.
1106 1793 1187 1856 p.‚
1238 1770 1307 1833 in
1354 1792 1483 1855 qua
1528 1768 1737 1834 dictus
1785 1769 2120 1833 Johannes
2169 1769 2468 1834 incursus
2517 1780 2616 1834 est
2661 1792 2775 1856 pro
2823 1794 2953 1834 non
2997 1769 3296 1834 faciendo
3345 1770 3586 1834 dictam

708 1888 985 1972 figuram
1030 1896 1317 1973 tempore
1365 1884 1585 1950 debito
1634 1895 1698 1949 et
1745 1885 2099 1952 deliberato
2149 1896 2268 1951 cet.
2317 1882 2488 1970 (sic).
2583 1884 2968 1971 (Fortezza.)

932 2055 1047 2121 29.
1119 2056 1249 2122 Βία
1293 2057 1429 2122 XX
1450 2056 1622 2123 VIII
1659 2056 1938 2142 Anqueti
1980 2052 2066 2140 (a.
2103 2080 2158 2122 a.
2194 2054 2272 2121 Ο.
2309 2079 2369 2143 p.
2409 2051 2590 2140 3790).

929 2181 1217 2248 Johanni
1262 2181 1315 2246 F
1321 2182 1465 2265 etti,
1522 2181 1860 2266 magistre,
1920 2206 2000 2247 ex
2059 2193 2279 2247 mutuo
2335 2205 2530 2269 supra
2575 2178 2728 2266 (sic)
2777 2183 2915 2248 eius
2965 2183 3269 2248 salarium
3317 2181 3585 2268 fighure,

710 2323 904 2386 quam
948 2298 1104 2365 facit
1149 2321 1264 2385 pro
1312 2297 1545 2383 leggia,
1594 2297 1872 2364 florenos
1924 2301 2010 2363 10
2056 2299 2214 2363 auri.
2309 2296 2696 2382 (Fortezza.)

931 2414 1099 2479 Item
1147 2449 1231 2458 —
1278 2413 1723 2500 prouiderunt,
1784 2414 2249 2480 ordinauerunt
2303 2425 2369 2480 et
2424 2415 2968 2499 deliberauerunt‚
3036 2415 3207 2502 quod
3252 2413 3586 2479 <Iohannes

707 2532 762 2597 F
768 2532 919 2615 ecti‚
980 2533 1315 2616 magister,
1367 2530 1563 2595 faciat
1609 2540 1674 2594 et
1718 2531 1985 2596 reducat
2033 2532 2115 2596 ad
2164 2532 2620 2618 perfectionem
2670 2532 2830 2597 duas
2876 2530 3164 2617 fighuras
3211 2553 3292 2595 ex
3339 2538 3588 2616 septem

709 2648 1056 2714 uirtutibus
1106 2645 1562 2731 cardinalibuS,
1613 2670 1727 2733 per
1774 2671 1920 2713 eum
1965 2649 2316 2714 conductas
2349 2649 2432 2714 ad
2461 2648 2828 2714 faciendum
2859 2673 2900 2712 a
2931 2648 3102 2713 dicto
3136 2669 3346 2734 opere,
3398 2669 3590 2732 quam

710 2764 899 2830 citius
944 2787 1061 2851 per
1106 2786 1253 2828 eum
1298 2764 1440 2829 fieri
1485 2773 1717 2850 potest.

932 2932 1051 2998 30.
1125 2934 1257 2999 Βία
1299 2935 1436 3000 XX
1458 2935 1591 2998 VII
1627 2938 1855 3000 mensis
1907 2935 2201 3002 octubris
2248 2932 2334 3021 (a.
2370 2959 2425 3000 a.
2461 2932 2540 3000 Ο.
2574 2959 2634 3022 p.
2671 2929 2860 3018 44b).

929 3059 1281 3124 Laurentio
1312 3059 1514 3142 Bicci,
1552 3060 1799 3146 pictori,
1852 3070 1916 3124 et
1964 3075 1985 3164 l
2034 3083 2149 3147 pro
2198 3083 2292 3144 e0,
2343 3059 2513 3145 quod
2563 3061 3038 3125 extimauerunt
3077 3059 3396 3145 fighuram
3425 3058 3583 3144 spei,

930 3175 1107 3241 Pieri
1152 3175 1493 3260 MiglioriS,
1545 3176 1743 3260 orafo,
1964 3165 1981 3250 I
2032 3175 2272 3240 factam
2331 3199 2446 3262 per
2500 3176 2821 3241 Jacobum
2867 3175 3068 3257 Pieri,
3128 3198 3243 3262 pro
3303 3175 3594 3260 quolibet

708 3292 951 3359 solidos
999 3293 1104 3376 20,
1155 3292 1223 3357 in
1272 3316 1524 3357 summa
1570 3292 1770 3357 libras
1820 3294 1860 3358 2
1907 3293 1951 3357 f.
1986 3316 2048 3379 p.

930 3409 1187 3494 Angelo
1234 3408 1500 3492 Taddei,
1552 3410 1803 3494 pictori,
1854 3421 1919 3474 et
2040 3409 2215 3473 dicta
2283 3408 2362 3472 de
2432 3431 2652 3492 causa,
2727 3408 2994 3474 cuilibet
3049 3409 3292 3474 solidos
3337 3409 3450 3492 20,
3523 3408 3594 3472 in

937 3522 1141 3591 Corso
1189 3526 1423 3592 Jacobi
1966 3433 1989 3592 i
2040 3549 2290 3590 summa
2336 3525 2536 3590 libras
2586 3528 2625 3591 2
2673 3524 2718 3590 f.
2753 3548 2816 3612 p.

934 3642 1184 3707 Jacobo
1234 3639 1487 3725 Cionis,
1547 3642 1804 3728 pictori,
1857 3652 1921 3705 et
1966 3673 1989 3833 ἔ
2039 3641 2212 3706 dicta
2279 3641 2358 3706 de
2430 3663 2649 3725 causa,
2725 3642 2992 3707 cuilibet
3047 3641 3287 3707 solidos
3335 3643 3450 3722 20,
3523 3640 3588 3704 in

931 3755 1250 3821 Nicholao
1299 3753 1539 3840 Luche,
1592 3757 1858 3841 aurifici,

933 3924 1040 3991 31.
1120 3927 1242 3991 Die
1285 3927 1352 3992 X
1374 3927 1505 3991 VII
1540 3926 1921 3992 Nouembris
1966 3923 2053 4008 (a.
2089 3951 2145 3993 a.
2181 3924 2260 3991 Ο.
2294 3951 2354 4013 p.
2397 3928 2483 3992 49
2501 3929 2586 4010 a).

934 4060 1183 4126 Jacobo
1232 4059 1427 4145 Pieri,
1479 4061 1807 4146 magistre,
1859 4083 1939 4126 ex
1986 4071 2207 4126 mutuo
2257 4102 2339 4110 —-
2388 4063 2667 4128 florenos
2716 4063 2837 4144 203

2039 3780 2293 3822 summa
2338 3758 2538 3823 libras
2587 3759 2627 3822 2
2675 3757 2719 3822 f.
2753 3781 2815 3844 p.

936 4176 1147 4242 eidem
1194 4199 1274 4242 cx
1321 4186 1542 4243 mutuo
1591 4200 1783 4264 sopra
1827 4177 2208 4263 glagnoletti
2255 4175 2366 4264 (gl’
2397 4175 2528 4264 ag.)
2578 4220 2662 4228 —
2709 4180 2983 4244 florenos
3037 4178 3120 4240 10
3167 4176 3324 4240 auri.

934 4345 1046 4412 32.
1126 4350 1247 4413 Die
1292 4348 1596 4414 XXIIII
1630 4349 2017 4413 Nouembris
2063 4347 2149 4432 (a.
2185 4372 2239 4413 a.
2277 4348 2355 4415 O.
2393 4373 2454 4434 p.
2491 4347 2676 4432 5012).

934 4461 1249 4568 Magistro
1297 4482 1586 4547 Johanni
1646 4483 1822 4548 Fetti
1902 4507 1981 4548 ex
2052 4493 2272 4548 mutuo
2342 4484 2618 4548 florenos
2689 4484 2772 4546 10
2817 4483 2954 4545 auri
3025 4503 3218 4568 super
3270 4479 3596 4564 fighuram

711 4608 1139 4685 temperance.

933 4768 1045 4835 33.
1121 4771 1249 4835 Βία
1293 4770 1412 4836 XI
1454 4771 1815 4835 Decembris
1860 4766 1946 4855 (a.
1983 4794 2040 4836 a.
2077 4766 2156 4836 Ο.
2191 4795 2253 4857 p.
2289 4767 2472 4854 5412).

934 4904 1253 4990 Magistro
1299 4905 1548 4970 Jacobo
1593 4904 1798 4988 Pieri,
1860 4905 1987 4968 ciui
2036 4903 2441 4987 FlorentinO,
2500 4926 2613 4989 pro
2673 4904 2810 4968 eius
2858 4905 3092 4969 salario
3143 4903 3594 4970 costructionis

713 5022 915 5106 figure
965 5021 1121 5108 spei,
1174 5032 1245 5084 ut
1290 5031 1467 5106 patet
1511 5022 1577 5084 in
1625 5021 1793 5086 libro
1840 5019 1928 5085 hh
1976 5043 2032 5086 a.
2070 5043 2123 5085 c.
2162 5022 2264 5103 74,
2316 5021 2592 5084 florenos
2637 5017 2922 5084 LXXX.

933 5137 1223 5203 ‚Iohanni
1278 5137 1693 5219 Ambruoxii,
1769 5136 1897 5201 ciui
1954 5135 2368 5220 Florentino,
2444 5158 2557 5221 pro
2628 5137 2764 5202 eius
2834 5135 3070 5202 salario
3143 5135 3594 5201 costructionis

710 5253 960 5340 fighure
1000 5254 1254 5340 justitie
1304 5293 1386 5301 —
1435 5253 1718 5318 florenos
1767 5250 2054 5317 LXXX.
