4009 5859
1833 395 1964 458 279

682 568 789 635 91.
865 572 990 636 Die
1037 582 1264 656 quarto
1311 572 1550 636 decimo
1605 572 1771 635 Maii
1814 566 1900 653 (a.
1937 594 1992 634 a.
2030 568 2109 634 O.
2144 593 2205 656 p.
2241 566 2424 652 2322).

683 704 965 769 Predicti
1015 705 1320 791 operarii,
1373 744 1456 753 —
1507 703 2021 786 considerantes,
2073 703 2246 789 quod
2293 714 2581 789 tempore
2628 705 2800 769 ueris
2849 713 2914 768 et
2959 704 3145 770 statis
3197 703 3334 770 dies

460 821 594 885 sint
638 820 914 885 maiores
985 843 1180 905 quam
1249 829 1535 905 tempore
1581 818 1810 902 Jemis‚
1873 829 1938 883 et
1983 819 2279 903 magistri
2327 829 2390 882 et
2437 819 2768 884 manuales
2818 828 2882 884 et
2928 819 3150 904 ceteri,
3224 820 3335 905 qui

459 936 756 1000 laborant
800 937 870 1000 in
918 936 1088 1000 dicto
1124 958 1335 1021 opere,
1385 936 1592 1019 magis
1637 934 1973 1018 fatiebant,
2028 974 2111 983 —
2160 935 2450 998 uolentes
2500 935 2671 999 circa
2716 935 3159 1021 infrascriptos
3205 957 3336 999 ma—

461 1051 694 1136 gistros
743 1061 806 1115 et
851 1051 1180 1116 manuales
1228 1059 1292 1116 et
1339 1052 1521 1134 alios,
1580 1050 1947 1116 laborantes
1995 1051 2064 1114 in
2114 1049 2284 1115 dicto
2338 1049 2678 1134 labor-erm,
2732 1049 3138 1117 discretionis
3191 1072 3333 1114 ocu-

460 1168 594 1231 lum
664 1169 938 1254 aperire,
1015 1202 1098 1212 —-
1169 1167 1667 1249 stantiauerunt,
1742 1165 1914 1252 quod
1984 1165 2381 1253 infrascripti
2436 1166 2730 1251 magistri
2786 1175 2851 1230 et
2896 1167 3226 1232 manuales
3276 1175 3339 1231 et

461 1284 644 1368 pueri
690 1293 754 1347 et
800 1283 940 1364 alii,
989 1284 1358 1348 laborantes
1407 1283 1488 1347 ad
1536 1282 1780 1346 dictum
1825 1304 2013 1368 opuS‚
2064 1281 2347 1346 habeant
2394 1321 2478 1330 -
2526 1304 2641 1368 pro
2690 1261 2980 1366 qualibet
3026 1282 3161 1366 die,
3213 1305 3341 1368 qua

461 1397 944 1482 laborauerunt,
993 1433 1076 1444 —-
1125 1398 1540 1484 infrascripta
1607 1399 1844 1462 salaria
1901 1396 2225 1462 uidelicet.
2319 1397 2374 1462 F
2379 1397 2568 1482 olgen
2625 1397 2729 1462 die
2777 1397 3087 1462 erhohten
3136 1398 3339 1482 Tage-

463 1512 655 1578 lfihne
711 1514 814 1578 fiir
879 1516 964 1580 52
1013 1515 1333 1598 magistri,
1405 1514 1449 1578 4
1495 1513 1784 1598 magistri
1847 1514 2082 1596 concii,
2159 1513 2242 1579 15
2290 1513 2583 1597 magistri
2654 1513 2987 1598 chazuole‚
3061 1514 3101 1578 2
3149 1513 3335 1598 fabri,

463 1630 551 1694 44
581 1631 934 1696 manuales.
1923 1639 1930 1648 ’

691 1816 804 1882 92.
877 1818 1008 1882 Die
1054 1820 1370 1904 triqeeimo
1420 1817 1592 1884 Maii
1636 1814 1721 1902 (a.
1756 1841 1812 1882 a.
1849 1813 1926 1881 Ο.
1966 1840 2026 1903 p.
2063 1818 2144 1882 27
2161 1811 2250 1900 b).

687 1949 971 2014 Predicti
1029 1951 1332 2036 operarii,
1395 1952 1765 2036 congregati
1819 1951 1888 2015 in
1944 1951 2185 2037 palatio
2235 1951 2393 2016 artis
2440 1951 2614 2036 lane,
2674 1953 2963 2019 uolentes
3011 1952 3343 2018 intendere

465 2065 548 2130 ad
613 2066 1116 2131 refirmationem
1182 2067 1472 2131 omnium
1541 2067 1994 2152 magistrorum
2067 2075 2133 2131 et
2192 2067 2493 2151 aliorum,
2566 2068 2999 2133 laborantium
3052 2069 3121 2133 in
3168 2068 3341 2133 dicto

465 2204 684 2267 opere,
735 2190 800 2246 et
844 2182 1052 2269 primo
1100 2205 1214 2268 per
1259 2183 1516 2246 Bonum
1564 2181 1832 2268 Taddey
1880 2181 2121 2266 strade,
2174 2183 2571 2270 prepositum
2620 2184 2938 2248 dictorum
2985 2184 3339 2267 consulum,

465 2298 736 2364 missum
796 2297 920 2362 fuit
975 2297 1057 2362 ad
1113 2298 1418 2383 partitum
1487 2298 1868 2382 magistrum
1929 2296 2353 2362 Laurentium
2407 2298 2679 2385 Filippi,
2754 2299 3343 2385 capudmagistrum

469 2413 624 2477 dicti
671 2414 901 2499 operiS,
953 2415 1072 2479 sub
1120 2414 1243 2478 hac
1287 2415 1497 2479 forma
1542 2413 1870 2478 uidelicet:
1923 2410 2049 2478 Cui
2096 2414 2423 2480 uideretur
2470 2424 2533 2480 et
2565 2416 2865 2501 placeret,
2916 2415 3087 2502 quod
3135 2415 3343 2481 dietus

465 2528 856 2594 Laurentius
913 2540 1274 2594 remaneret
1327 2529 1409 2594 ad
1466 2529 1708 2594 dictum
1763 2553 1951 2595 suum
2006 2530 2285 2595 offitium
2346 2529 2847 2617 capudmagistri
2904 2532 3061 2596 dicti
3132 2532 3343 2617 operis

468 2645 534 2708 in
581 2645 795 2710 futuro
842 2654 1158 2732 tempore,
1225 2647 1518 2710 micteret
1580 2644 1799 2711 fabam
1867 2646 2121 2730 nigram
2191 2670 2307 2732 per
2352 2648 2474 2730 sie,
2536 2657 2601 2712 et
2648 2648 2752 2712 cui
2814 2670 2943 2713 non
3000 2647 3342 2731 uideretur,

471 2761 766 2826 micteret
821 2761 1041 2826 fabam
1088 2762 1298 2826 albam
1348 2783 1464 2847 per
1509 2784 1667 2844 non3
1726 2771 1791 2826 et
1838 2761 2006 2827 datis
2054 2762 2223 2828 fabis
2272 2763 2476 2847 nigris
2535 2773 2599 2827 et
2654 2762 2821 2827 albis
2874 2762 2958 2826 ad
3016 2763 3347 2848 solempne

471 2889 535 2940 et
581 2887 898 2942 secretum
945 2878 1369 2963 scruptinium
1417 2887 1482 2942 et
1527 2888 1860 2964 optentum
1907 2879 2215 2964 partitum
2269 2901 2383 2964 per
2426 2879 2611 2944 fabas
2660 2878 2867 2962 albas,
2920 2877 3347 2943 deliberatum

472 3003 536 3056 et
583 2992 1076 3057 determinatum
1121 2993 1268 3077 fuit,
1325 2993 1498 3078 quod
1558 2995 1698 3079 ipse
1757 2994 2066 3078 magister
2118 2993 2507 3058 Laurentius
2554 3017 2683 3058 non
2730 2994 3129 3078 intelligatur
3173 2995 3347 3057 refir-

472 3117 717 3173 matum
763 3103 915 3192 (sic)
969 3109 1038 3173 in
1093 3109 1264 3174 dicto
1311 3132 1428 3174 suo
1475 3109 1698 3173 offitio,
1791 3109 1959 3173 Item
2008 3144 2091 3153 —
2140 3110 2411 3174 missum
2479 3105 2631 3193 (sic)
2697 3109 2821 3174 fuit
2888 3109 2971 3172 ad
3040 3110 3348 3194 partitum

471 3225 796 3288 Antonius
841 3223 1206 3308 Francisci‚
1267 3220 1871 3311 capudmagister¹),
1924 3232 1988 3289 et
2033 3234 2371 3310 optentum
2418 3234 2482 3289 et
2530 3223 2955 3290 deliberatum
3000 3235 3124 3307 est,
3176 3224 3348 3309 quod

473 3339 612 3424 ipse
678 3349 1008 3404 remaneat
1075 3341 1144 3404 in
1201 3338 1373 3405 dicto
1423 3363 1539 3405 suo
1587 3339 1810 3404 offitio.
1904 3341 2072 3404 Item
2122 3375 2205 3384 —
2254 3341 2569 3406 miserunt
2638 3340 2722 3405 ad
2790 3341 3099 3427 partitum
3156 3338 3347 3404 simul

475 3477 696 3520 omnes
756 3456 918 3520 alios
967 3456 1308 3540 magistros
1369 3449 1434 3521 et
1479 3457 1852 3522 manouales
1901 3466 2022 3521 cet.
2071 3453 2207 3540 (bei
2254 3457 2560 3520 letzteren
2610 3456 2696 3520 ist
2740 3454 2923 3519 nieht
2968 3462 3211 3539 gesagt,
3263 3454 3347 3518 ob

475 3570 784 3656 bestatigt
828 3572 981 3637 oder
1027 3568 1254 3654 nicht).

699 3758 814 3823 93.
887 3761 1014 3825 Die
1058 3758 1316 3825 XVIII
1350 3760 1542 3823 Junii
1583 3754 1667 3843 (a.
1705 3783 1762 3826 a.
1797 3756 1876 3824 Ο.
1926 3782 1988 3846 p.
2026 3761 2213 3838 31b).

698 3893 1048 3959 Laurentio
1094 3890 1364 3980 Filippi,
1426 3893 1975 3980 capudmagistm,
2036 3917 2151 3980 pro
2220 3917 2337 3959 suo
2406 3893 2641 3958 salario
2691 3891 2961 3957 duorum
3007 3892 3346 3977 mensium,

475 4009 781 4075 uidelicet
823 4009 985 4074 Maii
1031 4018 1097 4074 et
1138 4009 1340 4093 Junii,
1393 4049 1476 4058 —
1525 4011 1802 4076 florenos
1851 4012 1936 4076 16
1985 4012 2145 4076 auri.

701 4194 815 4261 94.
886 4199 1017 4263 Die
1060 4201 1358 4282 viyesimo
1409 4211 1630 4262 octauo
1675 4199 1867 4262 Junii
1909 4192 1994 4280 (a.
2030 4221 2086 4262 a.
2122 4195 2201 4262 Ο.
2251 4219 2312 4282 p.
2348 4191 2529 4278 35a).

701 4329 999 4416 Operarii
1063 4365 1136 4374 -—
1203 4330 1643 4416 aduertentes‚
1703 4330 1876 4416 quod
1933 4330 2371 4396 necessarium
2428 4339 2527 4393 est
2572 4328 2655 4394 ad
2701 4351 2966 4415 presens
3013 4327 3353 4413 prouidere

481 4447 658 4531 operi
729 4445 1117 4510 cathedralis
1188 4445 1462 4511 ecclesie
1521 4457 1740 4511 sancte
1788 4447 2108 4533 Reparate
2164 4445 2243 4509 de
2292 4445 2763 4530 capomagistro
2812 4454 2877 4509 et
2921 4443 3351 4530 proueditore‚

484 4601 566 4610 —-
615 4561 1095 4627 considerantes
1143 4563 1532 4648 probitatem
1581 4573 1644 4626 et
1689 4561 2075 4626 industriam
2121 4559 2454 4624 Laurentii
2501 4558 2760 4645 Filippi,
2810 4559 2966 4624 olim
3010 4557 3352 4643 capudma-

481 4677 668 4762 gistri
737 4676 894 4740 dicti
961 4678 1202 4762 operis,
1277 4686 1341 4740 et
1384 4674 1618 4742 Jacobi
1665 4675 1846 4742 Gieri
1895 4675 2185 4757 Risaliti‚
2258 4673 2339 4739 ad
2395 4697 2661 4758 presens
2718 4674 3147 4760 proueditoris
3196 4673 3352 4738 dicti

483 4793 714 4879 operm,
767 4827 848 4835 ——
898 4792 1216 4876 eligerunt
1261 4814 1406 4856 cum
1450 4791 1862 4878 infrascripto
1911 4791 2145 4856 salario
2193 4789 2515 4875 predictos
2545 4777 2971 4854 Laurentium
2998 4787 3241 4875 Filippi
3286 4789 3354 4852 in

484 4907 1071 4994 eapudmagistrum
1133 4918 1197 4972 et
1243 4908 1326 4972 ad
1373 4907 1616 4971 dictum
1663 4907 1940 4971 offitium
1987 4904 2489 4991 capudmagistri
2539 4904 2695 4968 dicti
2740 4905 2952 4990 operis
3001 4913 3065 4968 et
3111 4903 3357 4968 dictum

483 5023 804 5089 ‚Iacobum
843 5021 1022 5089 Gieri
1069 5025 1138 5089 in
1183 5024 1660 5110 proueditorem
1706 5034 1770 5088 et
1815 5022 1899 5088 ad
1946 5022 2221 5086 offitium
2266 5018 2652 5106 prouidendi
2698 5030 2763 5084 et
2808 5018 3135 5084 scribendi
3180 5018 3357 5082 facta

665 5217 705 5282 ¹)
743 5215 856 5267 Der
889 5214 1078 5268 zweite
1111 5213 1602 5268 Dombaumeister.
