4009 5859
1750 383 1878 448 159

369 560 574 626 Marie
622 559 913 644 Nouelle,
966 571 1241 646 ponatur
1289 571 1353 625 et
1398 573 1706 648 perpetuo
1754 571 2086 626 remaneat
2137 597 2218 604 -
2267 561 2335 626 in
2389 561 2532 648 ipsa
2579 574 2645 627 et
2689 586 2802 648 pro
2851 561 2992 649 ipsa
3041 562 3254 650 platea

372 678 642 742 ecclesie
690 687 910 742 sancte
958 678 1163 742 Marie
1210 677 1503 742 Nouelle.
1600 677 1956 742 Terrenum
2006 700 2157 741 uero
2205 678 2473 744 aliarum
2522 681 2562 744 2
2612 679 2964 762 domorum,
3014 680 3252 766 posita-

369 818 513 858 rum
558 795 743 859 iuxta
788 794 1069 881 plateam
1114 794 1400 880 predicte
1449 794 1721 859 ecclesie
1771 794 1979 858 sancti
2018 790 2318 880 Spiritus,
2369 804 2647 880 ponatur
2693 805 2756 859 et
2799 807 3110 882 perpetuo
3157 819 3252 860 re-

371 920 630 975 maneat
701 945 785 954 —-
852 911 921 974 in
982 911 1125 996 ipsa
1186 921 1249 975 et
1299 932 1413 995 pro
1476 911 1618 997 ipsa
1676 910 1891 996 platea
1945 909 2217 974 ecclesie
2274 911 2482 976 saneti
2543 907 2844 997 Spiritus.
2936 911 3024 975 Et
3079 913 3252 998 quod

372 1037 505 1092 tota
549 1028 875 1113 quantitas
922 1027 1213 1114 pecunie,
1265 1027 1680 1114 percipienda
1722 1051 1802 1091 ex
1835 1026 2171 1091 hediffitiis
2205 1027 2492 1112 ipsa-rum
2525 1030 2560 1093 7
2599 1027 2952 1111 domorum,
3003 1038 3072 1091 ut
3111 1051 3249 1114 pre-

372 1143 623 1227 dicitur,
696 1144 1033 1208 occasione
1089 1142 1381 1229 predicta
1438 1143 1852 1208 emendarum
1913 1155 1977 1208 et
2034 1143 2586 1228 destruendarum,
2661 1155 2724 1209 et
2780 1145 3042 1231 insuper
3086 1145 3251 1209 libre

378 1261 548 1325 1600
586 1259 630 1324 f.
672 1283 733 1345 p.
790 1283 905 1346 pro
961 1260 1219 1324 comuni
1275 1258 1601 1324 Florentie
1659 1261 1728 1323 in
1785 1261 1990 1346 pretio
2053 1271 2117 1325 et
2171 1282 2286 1344 pro
2335 1260 2538 1346 pretio
2588 1260 2873 1346 ipsarum
2920 1261 3250 1325 domorum

373 1375 853 1468 expendantur·
886 1384 951 1439 et
1019 1375 1352 1442 soluantur
1421 1387 1485 1440 et
1551 1386 2032 1458 conuertantur,
2107 1375 2185 1440 de
2255 1399 2382 1462 qua
2450 1376 2712 1462 quidem
2779 1378 3134 1463 quantitate
3189 1386 3254 1441 et

373 1514 624 1556 summa
678 1490 991 1555 librarum
1042 1494 1216 1558 1600
1265 1528 1347 1536 -
1396 1492 1730 1557 camerarii
1787 1493 2078 1556 comunis
2138 1490 2466 1557 Florentia
2523 1527 2606 1536 —
2667 1492 2822 1558 dent
2879 1504 2942 1557 et
2996 1493 3254 1557 soluant

376 1641 456 1650 —
515 1607 711 1693 priori
770 1631 885 1672 seu
942 1607 1189 1672 sindico
1259 1621 1322 1674 et
1388 1610 1786 1695 procuratori
1848 1617 2204 1674 conuentus
2274 1608 2709 1694 predictorum
2776 1608 3046 1673 fratrum
3099 1608 3251 1673 Pre-

375 1723 731 1788 dicatorum
792 1724 995 1790 libras
1053 1727 1229 1791 1200
1283 1748 1397 1812 pro
1454 1725 1759 1810 predictis
1819 1726 1860 1789 5
1908 1725 2227 1790 domibus.
2281 1761 2362 1769 -—
2410 1726 2512 1789 Ac
2571 1725 2767 1790 etiam
2825 1725 2923 1788 illi
2981 1747 3252 1810 persone

379 1863 491 1904 seu
546 1841 861 1927 personiS,
920 1841 1003 1906 ad
1057 1841 1180 1906 hoc
1234 1864 1349 1927 per
1403 1840 1727 1927 predictos
1784 1841 2080 1906 dominos
2135 1841 2382 1927 priores
2430 1841 2664 1906 artium
2708 1851 2774 1906 et
2818 1841 3253 1905 uexilliferum

374 1956 615 2022 iustitie
671 1956 989 2042 eligendis
1046 1980 1161 2022 seu
1218 1958 1629 2044 deputandis,
1687 1958 1887 2024 libras
1946 1960 2080 2024 400
2125 1957 2168 2022 f.
2211 1981 2272 2044 p.
2321 1981 2436 2044 pro
2484 1957 2791 2044 predictis
2839 1960 2880 2023 2
2929 1958 3248 2041 domibuS,

373 2072 600 2156 positis
646 2072 828 2138 iuxta
876 2074 1155 2160 plateam
1203 2074 1473 2139 ecclesie
1522 2075 1727 2139 sancti
1775 2070 2055 2160 Spiritus
2103 2084 2223 2138 cet.

593 2241 661 2308 8.
726 2245 916 2310 Anno
949 2251 1149 2327 1301,
1194 2246 1539 2310 indictione
1569 2252 1677 2325 14,
1729 2247 1831 2310 die
1877 2252 1963 2309 27
2004 2245 2174 2311 Julii
2222 2241 2534 2330 (Capitoli
2581 2246 2670 2309 44
2715 2267 2776 2331 p.
2812 2239 3041 2328 242a).
3115 2242 3250 2311 Ofr.
3318 2247 3324 2252 ’

374 2357 557 2444 Gaye
603 2359 638 2423 I
682 2383 744 2446 p.
778 2361 930 2426 447.

595 2477 720 2541 Die
769 2478 1040 2562 fibrigen
1085 2478 1497 2543 Dokumente
1546 2479 1657 2542 cfr.
1706 2478 1813 2542 bei
1846 2475 2031 2563 Gaye
2077 2476 2132 2542 Ι.
2182 2501 2237 2542 a.
2273 2501 2330 2542 a.
2365 2474 2444 2542 Ο.

1741 3151 1867 3235 VI.

1402 3339 2236 3480 Maluerbau²).

596 3663 785 3727 Anno
797 3662 831 3726 ⁸?

597 3793 655 3859 1.
715 3794 1012 3877 Qualiter
1059 3794 1359 3861 dominus
1392 3795 1591 3880 Podo,
1643 3796 1981 3882 episcopus
2024 3794 2459 3880 FlorentinuS,
2511 3795 2688 3862 dedit
2733 3797 2816 3862 ad
2861 3798 3249 3863 liuellarium

372 3912 645 3995 Adam0,
694 3913 830 3977 filio
877 3909 1055 3996 Sieii,
1106 3936 1301 3977 unam
1344 3913 1585 3999 petiam
1632 3922 1819 3996 terre,
1869 3913 2076 3999 posite
2123 3913 2293 3978 foras
2342 3936 2558 3978 muros
2608 3914 2889 3979 ciuitatis
2920 3914 3249 3981 Florentie

372 4037 557 4092 extra
598 4028 859 4093 ianuam
905 4029 1185 4094 ciuitatis
1243 4029 1447 4094 saneti
1496 4027 1822 4093 Pancratii
1876 4053 1991 4114 pro
2041 4053 2256 4094 annua
2299 4031 2611 4116 pensione
2671 4053 2786 4096 sex
2841 4032 3250 4096 denariorum

372 4145 641 4227 argenti.
739 4141 937 4210 Carta
983 4168 1177 4209 manu
1224 4145 1427 4210 Bonis
1475 4145 1728 4229 notarii,
1776 4156 2088 4230 regnante
2127 4146 2514 4232 imperatore
2558 4145 2806 4212 Octone
2850 4147 3248 4231 (Bullettone

372 4282 433 4344 p.
474 4261 599 4323 174
618 4261 705 4340 b).
798 4260 935 4325 Der
977 4259 1339 4347 Imperator
1386 4258 1551 4325 Octo
1599 4262 1774 4325 kann
1820 4285 1941 4326 nur
1989 4259 2143 4325 Otto
2176 4261 2299 4326 III.
2352 4263 2509 4346 sein,
2573 4262 2656 4326 da
2699 4262 2877 4326 Podo
2923 4261 3034 4346 H.,
3093 4263 3250 4328 oder

369 4375 494 4438 wie
526 4371 914 4462 Cappelletti
948 4372 1032 4459 (a.
1068 4399 1123 4441 a.
1160 4373 1239 4441 O.
1289 4400 1349 4463 p.
1387 4374 1544 4460 710)
1591 4377 1894 4460 schreibt,
1945 4374 2079 4441 San
2110 4376 2355 4462 Poggio
2401 4378 2490 4444 ΙΙ.
2540 4380 2669 4445 989
2717 4378 2992 4444 Bischof
3031 4378 3248 4444 wurde

369 4487 507 4573 (ein
552 4489 797 4576 Poggio
844 4491 897 4556 I.
948 4493 1239 4558 erwahnt
1285 4517 1453 4557 anno
1502 4489 1679 4576 908).
1797 4490 1953 4558 Sein
1998 4493 2392 4576 Nachfolger
2437 4494 2524 4560 ist
2569 4493 2784 4560 Guido
2833 4517 3000 4558 anno
3054 4497 3244 4560 1002.

596 4661 784 4728 Anno
832 4670 956 4728 991
1012 4663 1208 4744 (992)
1254 4687 1459 4728 meme
1504 4665 1737 4728 Martii
1776 4661 2174 4747 (Bullettone
2219 4687 2282 4749 p.
2320 4659 2546 4746 174b).

599 4785 663 4850 2.
728 4785 1025 4868 Qualiter
1070 4787 1366 4854 dominus
1414 4787 1613 4872 Podo,
1666 4789 2001 4875 episcopus
2048 4788 2481 4873 Florentinus,
2531 4787 2710 4853 dedit
2749 4788 2830 4853 ad
2861 4788 3250 4855 liuellarium

552 4962 592 5027 ¹)
648 4959 739 5013 Ich
796 4961 933 5032 gebo
982 4959 1097 5013 hier
1154 4961 1271 5014 eine
1308 4960 1519 5015 Anzahl
1579 4961 1673 5014 auf
1724 4961 1830 5016 den
1882 4962 2002 5014 Bau
2059 4960 2156 5015 der
2211 4961 2435 5015 Manem
2499 4960 2614 5016 sich
2661 4962 3022 5016 beziehender
3063 4963 3249 5017 Doku-

366 5055 566 5116 mente,
606 5048 805 5102 welche
844 5047 931 5102 ich
971 5048 1279 5102 allmahlich
1316 5049 1585 5120 gesunden
1624 5049 1735 5102 und
1768 5050 1951 5120 kopirt
1973 5049 2128 5104 habe.
2196 5049 2435 5104 VVeitere
2460 5049 2973 5122 Nachforschungen
3011 5053 3061 5104 in
3106 5052 3249 5106 allen

364 5136 551 5191 Akten
610 5135 705 5190 des
762 5135 980 5192 Staats-
1036 5136 1146 5190 und
1202 5136 1298 5190 der
1346 5138 1569 5208 fibi-igen
1622 5137 1854 5191 Archive
1902 5137 2118 5192 werden
2168 5137 2256 5191 die
2304 5138 2436 5192 Zahl
2485 5139 2582 5192 der
2625 5139 2924 5193 Urkundcn
2955 5140 3246 5212 jedenfalls

364 5223 509 5278 noch
546 5224 880 5280 vermehren.
