4009 5859
1803 407 1933 472 209

420 612 460 653 a
518 587 783 653 uicario·
831 585 1075 651 domini
1133 585 1420 672 episcopi
1467 583 1520 646 F
1525 585 1828 649 lorentini
1887 585 1966 650 de
2023 586 2167 672 ipsa
2212 587 2635 652 translatione
2682 585 2921 670 fienda,
2996 586 3304 652 demolire

423 715 488 769 et
535 704 830 769 demoliri
878 725 954 767 ac
1002 702 1246 766 destrui
1294 701 1502 766 facere
1552 700 1793 766 dictam
1841 702 2185 767 ecclesiam
2231 711 2295 767 et
2342 702 2603 768 domum
2650 703 2964 787 eiusdem,
3029 704 3305 790 positam

423 843 620 908 prope
677 819 918 884 dictam
973 817 1338 902 ecclesiam,
1413 829 1476 882 et
1521 819 1593 883 in
1639 829 1844 883 totum
1893 831 1954 883 et
2001 820 2069 884 in
2116 829 2391 906 partem,
2464 831 2654 908 prout
2700 821 2980 885 uiderint
3027 822 3152 908 ipsi
3202 822 3304 886 uel

423 940 706 1025 quinque
755 962 836 1002 ex
882 938 1004 1020 eis,
1068 948 1135 1001 ut
1179 936 1534 1023 predicitur
1579 939 1956 1021 conuenire3
2031 948 2094 1002 et
2143 938 2499 1002 deliberare
2548 947 2612 1002 et
2656 937 3023 1025 prouidere,
3084 938 3193 1002 ubi
3242 947 3306 1002 et

417 1058 488 1122 in
536 1080 662 1142 quo
712 1056 872 1138 loc0‚
923 1057 1094 1120 intra
1141 1055 1450 1145 populum
1495 1064 1712 1119 tamen
1761 1077 1873 1119 seu
1907 1055 2352 1142 parroechiam
2387 1054 2555 1120 dicte
2589 1057 2879 1140 ecclesie,
2929 1058 3073 1142 ipsa
3104 1057 3302 1121 eccle-

421 1175 521 1240 sia
565 1173 1016 1238 rehedificetur
1065 1184 1129 1238 et
1173 1170 1577 1237 rehedificari
1624 1173 1833 1258 possit
1880 1183 1943 1236 et
1991 1172 2249 1256 debeat3
2302 1207 2381 1217 —
2436 1185 2499 1238 et
2545 1183 2885 1260 propterea
2932 1196 3139 1238 emere
3188 1196 3305 1240 seu

421 1292 548 1356 emi
595 1291 805 1356 facere
855 1300 920 1355 et
965 1290 1173 1376 aquiri
1219 1289 1364 1354 illas
1414 1288 1658 1372 domOS,
1717 1299 1991 1373 terrena,
2042 1290 2488 1376 possessiones
2538 1302 2601 1355 et
2644 1314 2767 1374 reS,
2819 1314 2977 1377 quas
3024 1291 3307 1356 uiderint

419 1408 742 1494 expedire.
796 1447 876 1456 ——
929 1449 1012 1456 -—
1062 1406 1326 1472 Possint
1379 1441 1452 1449 —
1509 1407 1867 1492 prouidere,
1919 1407 2093 1494 quod
2141 1417 2205 1472 et
2252 1416 2564 1493 quantum
2596 1431 2677 1472 ex
2709 1418 2964 1472 terreno
2998 1430 3111 1472 seu
3144 1407 3300 1490 solo,

419 1549 611 1612 super
667 1547 792 1610 quo
851 1535 1002 1589 sunt
1048 1525 1261 1610 posita
1309 1523 1483 1589 dicta
1531 1524 1806 1590 ecclesia
1853 1535 1916 1589 et
1965 1524 2193 1589 domus
2242 1525 2533 1590 eiusdem
2580 1526 2876 1608 ecclesie,
2939 1535 3002 1590 et
3049 1549 3130 1590 ex
3175 1525 3301 1590 uiis

424 1665 536 1707 seu
599 1641 891 1725 chiassis,
945 1642 1512 1707 circumstantibus
1562 1665 1675 1706 seu
1725 1642 1977 1726 uicinis,
2032 1665 2304 1707 uacuum
2352 1652 2414 1706 et
2460 1641 2545 1707 ad
2578 1667 2764 1706 usum
2794 1642 3125 1729 publicum
3157 1663 3302 1706 con-

423 1758 802 1823 uertendum
872 1768 1005 1823 tam
1074 1759 1141 1823 in
1211 1759 1426 1845 platea
1485 1783 1612 1824 una
1659 1783 1806 1824 cum
1854 1759 1982 1824 alia
2028 1760 2245 1845 platea
2292 1759 2697 1825 dominorum
2744 1760 3030 1846 priorum
3078 1769 3143 1824 et
3188 1782 3301 1845 pro

422 1875 652 1940 decore
698 1876 904 1962 ipsius
952 1876 1190 1962 platee,
1241 1877 1332 1940 ita
1380 1876 1550 1961 quod
1598 1886 1775 1940 recta
1821 1877 1994 1941 linea
2041 1877 2349 1962 procedat
2396 1886 2459 1941 et
2505 1877 2591 1941 sit
2636 1877 2780 1962 ipsa
2822 1875 3062 1963 platea,
3112 1883 3303 1960 prout

423 1991 573 2056 trait
643 2001 708 2056 et
775 1992 1178 2078 protenditur
1247 1994 1328 2057 ab
1401 1993 1704 2058 anteriori
1763 1992 1999 2076 angulo
2051 1992 2277 2057 domus
2325 1993 2653 2078 quondam
2701 2014 2804 2056 ser
2852 1989 3172 2056 Gratiuoli
3222 1990 3302 2054 de

419 2108 676 2172 Mutina
719 2104 879 2192 (108
896 2105 960 2191 a)
1008 2108 1090 2173 ad
1137 2109 1523 2173 anteriorem
1569 2109 1876 2195 angulum
1923 2118 2187 2195 apotece
2236 2105 2391 2192 (107
2412 2104 2501 2191 b),
2552 2109 2621 2172 in
2667 2131 2797 2195 qua
2842 2116 3127 2172 moratur
3159 2106 3301 2172 Pie-

421 2248 531 2290 rus
580 2224 766 2309 Diui,
840 2225 1332 2309 mal-ischalcus3
1403 2226 1576 2310 quod
1625 2227 1821 2291 etiam
1868 2225 2376 2290 conuertendum
2420 2227 2490 2289 in
2538 2224 2913 2289 dilationem
2960 2234 3021 2288 et
3068 2223 3301 2310 aptitu-

423 2341 639 2406 dinem
686 2350 750 2406 et
799 2341 1094 2406 decorem
1143 2343 1264 2425 uie,
1315 2365 1443 2428 qua
1489 2343 1746 2408 uenitur
1794 2342 1870 2407 de
1920 2351 2141 2407 sancto
2174 2343 2456 2406 Martino
2506 2341 2572 2404 in
2605 2339 2885 2426 plateam
2916 2339 3300 2426 predictam3

421 2467 486 2522 et
531 2457 703 2544 quod
750 2467 954 2522 totum
1001 2459 1164 2523 illud
1212 2469 1561 2543 terrenum,
1621 2459 1794 2545 quod
1842 2461 1936 2524 sic
1985 2459 2443 2542 declarabitur,
2497 2458 2730 2523 debere
2780 2480 3052 2522 uacuum
3099 2481 3301 2522 rema-

421 2597 605 2658 nere3
669 2609 753 2618 -—
823 2575 1153 2641 residuum
1208 2599 1360 2640 uero
1419 2576 1572 2641 dicti
1631 2577 1870 2641 terreni
1930 2600 2045 2640 seu
2102 2577 2223 2642 soli
2289 2589 2352 2640 et
2407 2574 2805 2639 chiassorum
2860 2595 2974 2638 seu
3030 2575 3298 2659 uia-rum,

423 2692 950 2757 circunstantium
1025 2715 1140 2757 seu
1209 2693 1648 2778 proximorum
1717 2694 2033 2779 ipsorum,
2110 2693 2187 2757 de
2248 2693 2482 2778 quibus
2531 2691 2803 2756 chiassis
2852 2715 2967 2756 seu
3012 2692 3137 2757 uiis
3186 2714 3302 2778 per

421 2811 597 2897 ipsos
655 2849 738 2857 —
797 2808 1284 2892 deliberabitur,
1357 2810 1589 2895 possit,
1663 2819 1957 2875 teneatur
2012 2818 2076 2873 et
2123 2809 2356 2874 debeat
2402 2810 2541 2873 uice
2589 2819 2652 2872 et
2698 2808 2959 2873 nomine
3008 2809 3300 2874 comunis

421 2927 748 2994 Florentie
817 2925 1095 2990 uendere
1145 2937 1208 2990 et
1254 2927 1506 2990 tradere
1553 2927 1649 2991 illi
1699 2937 1762 2990 et
1809 2926 1967 3009 illis,
2042 2927 2142 2990 cui
2193 2939 2257 2992 et
2304 2927 2539 3012 quibus
2589 2926 2682 2990 eis
2736 2959 2812 2969 -·
2866 2924 3192 2990 uidebitur
3237 2935 3303 2988 et

420 3044 718 3131 placebit,
779 3067 895 3129 pro
951 3044 1159 3130 pretio
1215 3044 1622 3128 competenti.
1697 3078 1771 3087 —
1846 3043 2112 3109 Possint
2168 3053 2233 3107 et
2288 3051 2626 3107 teneantur
2683 3052 2748 3105 et
2810 3041 3090 3106 debeant
3144 3041 3300 3105 dicti

421 3161 740 3247 capitanei
788 3160 1104 3225 sotietatis
1153 3168 1218 3246 et
1261 3168 1471 3225 rector
1519 3161 1687 3224 dicte
1736 3160 2006 3226 ecclesie
2056 3171 2119 3224 et
2168 3161 2448 3245 quinque
2496 3183 2576 3223 ex
2624 3159 2718 3224 eis
2764 3194 2845 3202 -—
2882 3159 3053 3223 circa
3086 3158 3298 3222 demo-

422 3276 708 3341 litionem
755 3285 818 3340 et
863 3274 1457 3341 rehedificationem
1504 3275 1861 3362 predictam
1909 3276 2252 3362 diligenter
2298 3275 2650 3357 intendere,
2701 3311 2784 3319 —
2834 3275 2926 3339 ita
2970 3274 3142 3360 quod
3176 3275 3298 3340 sal-

419 3404 550 3458 tem
602 3416 716 3480 per
762 3402 966 3458 totum
1013 3415 1301 3458 mensem
1351 3391 1658 3458 Octubris
1706 3403 2047 3458 uenturum
2096 3393 2179 3458 sit
2226 3393 2485 3478 incepta
2530 3390 2767 3478 emptio
2816 3391 2921 3454 uel
2970 3390 3299 3455 demolitio

419 3509 726 3596 predicta,
778 3519 842 3575 et
888 3509 1038 3574 inde
1087 3510 1170 3574 ad
1217 3534 1413 3574 unum
1462 3533 1704 3574 annum
1735 3511 1821 3575 sit
1854 3510 2175 3597 completa
2206 3508 2647 3574 rehedificatio
2683 3506 2853 3572 dicte
2886 3507 3175 3573 ecclesie.
3214 3541 3296 3552 -

641 3627 728 3690 Et
785 3661 866 3670 -—
928 3626 1206 3691 debeant
1253 3663 1334 3672 —
1388 3625 1466 3691 de
1520 3627 1794 3712 pecunia
1840 3627 2154 3691 sotietatis
2204 3625 2490 3690 eiusdem
2540 3660 2624 3669 —
2674 3625 2922 3689 soluere
2970 3634 3035 3688 et
3079 3647 3298 3688 nume-

418 3767 558 3808 rare
607 3745 740 3809 500
784 3744 1061 3808 florenos
1111 3743 1189 3807 (le
1238 3767 1391 3807 auro
1443 3779 1526 3787 —
1573 3744 1643 3808 in
1692 3743 2173 3808 demolitionem
2214 3753 2277 3807 et
2308 3741 2921 3824 rehedificationem,
2972 3751 3297 3807 construc-

417 3860 658 3924 tionem
707 3869 770 3923 et-
817 3885 932 3925 seu
979 3861 1337 3946 emptiones
1385 3859 1732 3945 predictas3
1791 3894 1865 3903 —
1918 3869 1981 3923 et
2028 3858 2199 3945 quod
2248 3867 2453 3923 totum
2500 3868 2582 3938 et,
2620 3857 2931 3944 quicquid
2964 3859 3135 3923 ultra
3168 3858 3296 3924 dic-

419 3991 518 4044 tos
589 3980 721 4044 500
767 3977 1044 4043 florenos
1116 3977 1194 4042 de
1253 4001 1406 4044 auro
1469 3975 1820 4061 expediens
1869 3975 2080 4059 fuerit,
2134 4011 2216 4019 -—
2266 3975 2431 4040 solui
2479 3985 2541 4039 et
2588 3975 2747 4040 satis
2798 3975 2934 4040 fieri
2981 3975 3189 4061 possit
3235 3985 3299 4041 et

421 4095 652 4161 debeat
698 4105 816 4160 cet.

640 4289 797 4358 105.
895 4292 1084 4356 Anno
1159 4297 1361 4372 1349,
1433 4293 1774 4356 indictione
1841 4297 1911 4372 3,
1988 4293 2089 4355 die
2145 4299 2229 4354 27
2286 4293 2516 4354 mensis
2564 4289 2945 4353 Nouembris
3013 4287 3292 4372 (ProviS.

417 4411 565 4475 filza
614 4409 698 4476 38
746 4431 806 4494 p.
859 4408 1022 4473 47b.
1119 4404 1303 4492 Gaye
1349 4406 1383 4472 I
1430 4430 1490 4492 p.
1542 4403 1718 4489 500).

640 4545 772 4608 200
801 4543 1078 4606 florenos
1128 4542 1265 4606 auri
1314 4565 1428 4627 pro
1478 4543 1954 4610 constructione
2003 4540 2433 4626 arrengherie,
2485 4563 2607 4625 quc
2655 4542 2729 4604 fit
2773 4539 2953 4605 iuxta
2984 4541 3295 4626 palatium

417 4659 634 4746 populi
683 4658 1063 4742 Florentini,
1116 4667 1179 4723 et
1225 4681 1339 4745 pro
1385 4659 1778 4724 reactatione
1826 4660 2017 4723 ianue
2066 4658 2269 4744 ipsius
2318 4657 2563 4744 palatii.

640 4855 805 4922 106.
899 4857 1091 4921 Anno
1142 4863 1338 4937 1351,
1387 4857 1730 4921 indictione
1777 4862 1840 4936 4,
1891 4857 1992 4918 die
2042 4862 2121 4918 10
2174 4856 2403 4918 menei&
2450 4854 2641 4919 «Iunii
2684 4851 2961 4940 (Provis.
3013 4855 3162 4920 filza
3208 4856 3296 4920 40

418 4997 479 5060 p.
530 4975 729 5040 2292».
825 4973 1011 5060 Gaye
1057 4974 1091 5038 Ι
1136 4997 1198 5061 p.
1250 4969 1428 5056 502).

639 5106 846 5173 Vobis
907 5108 1183 5174 dominis
1240 5107 1563 5194 prioribus
1613 5108 1847 5172 artium
1893 5116 1958 5171 et
2004 5105 2365 5170 uexillifero
2414 5105 2657 5169 iustitie
2703 5105 2923 5191 populi
2973 5114 3037 5169 et
3083 5127 3292 5169 comu-

418 5226 520 5288 nis
566 5224 896 5290 Florentie
943 5226 1288 5312 exponitur
1335 5248 1448 5310 pro
1499 5235 1677 5310 parte
1724 5221 2309 5308 gonsaloneriorum
2358 5221 2723 5285 sotietatum
2774 5221 2995 5307 populi
3029 5220 3293 5285 Floren-

527 5357 703 5408 Frey,
732 5355 802 5396 die
831 5357 1000 5405 Loggla
1027 5355 1098 5395 dei
1126 5353 1318 5404 signori.
2796 5350 2861 5402 27
