4009 5859
1677 393 1806 462 213

1524 485 1951 494 ——-———--————-—

297 579 626 669 publicum
673 603 785 645 seu
835 575 1128 643 comunis
1174 575 1532 658 Florentie,
1595 576 1883 641 existens
1933 598 2130 663 prope
2179 575 2457 663 plateam
2505 576 2728 664 palatii
2777 578 3187 646 dominorum

297 700 583 786 priorum
631 697 864 761 artium
912 705 977 758 et
1021 693 1364 757 uexilliferi
1399 692 1643 756 iustitie
1692 715 1806 778 per
1839 695 1926 758 30
1957 692 2243 776 brachia,
2297 693 2469 778 quod
2517 705 2688 760 esset
2720 719 2834 761 seu
2867 697 3189 763 diceretur

299 839 442 883 esse
491 813 859 900 aliqualiter
905 819 1312 897 occupatum,
1387 817 1450 872 et
1509 809 1723 894 ipsum
1783 809 1865 872 ad
1936 832 2167 874 manus
2228 809 2386 874 dicti
2434 813 2725 876 comunis
2772 814 3077 880 reducere
3127 826 3191 881 et

297 933 532 998 referre
588 929 962 996 offitialibus
1009 927 1204 991 turris
1254 925 1544 990 comunis
1591 924 1938 1009 Florentie,
1993 961 2075 969 ——
2135 925 2307 1011 quod
2364 927 2624 1012 quidem
2681 939 3003 997 terrenum
3060 935 3189 1019 ipsi

298 1049 597 1114 offitiales
646 1082 729 1092 —
778 1046 1031 1132 possint
1085 1045 1306 1129 eisque
1365 1043 1559 1107 liceat
1615 1043 1896 1107 uendere
1967 1077 2044 1086 --
2116 1065 2231 1128 pro
2286 1043 2428 1128 ipso
2491 1047 2748 1110 comuni
2820 1082 2899 1092 --
2974 1048 3069 1112 illi
3126 1059 3191 1114 et

299 1166 456 1250 illis,
531 1165 766 1251 quibus
824 1161 1070 1244 uolent,
1145 1171 1210 1224 et
1264 1182 1378 1246 pro
1449 1161 1544 1224 eis
1603 1161 1808 1246 pretio
1859 1169 1923 1223 et
1979 1160 2225 1245 pretiis,
2278 1161 2607 1226 soluendis
2669 1166 3039 1231 camerariis
3088 1189 3188 1232 ca-

297 1306 472 1350 mere
520 1281 810 1346 comunis
857 1277 1186 1344 Florentie
1235 1287 1352 1341 cet.

524 1411 593 1498 2)
661 1409 890 1494 Item¹)
949 1411 1120 1498 quod
1177 1413 1303 1498 ipsi
1364 1412 1664 1477 offitiales
1725 1421 1791 1476 et
1851 1411 1974 1477 due
2034 1427 2251 1498 partes
2322 1434 2571 1498 eorum,
2643 1426 2741 1481 ut.
2773 1417 3013 1484 dictum
3072 1433 3188 1505 est,

299 1535 579 1622 possint,
641 1541 982 1597 teneantur
1028 1529 1419 1595 etdebeant
1489 1531 1558 1594 in
1628 1529 1928 1594 domibus
1999 1531 2292 1594 comunis
2338 1531 2640 1617 predicti,
2714 1535 2945 1619 positis
2993 1559 3189 1624 prope

298 1652 580 1738 plateam
625 1648 847 1736 populi
892 1647 1282 1730 morentini,
1353 1670 1474 1733 que
1533 1646 1883 1732 uulgariter
1929 1647 2337 1734 appellantur
2381 1647 2655 1732 ,Domus
2688 1648 2861 1716 della
2893 1649 3186 1738 moneta‘,

298 1769 509 1834 facere
567 1767 708 1831 fieri
775 1789 971 1830 unam
1019 1765 1320 1852 pulcram
1377 1774 1442 1830 et
1508 1763 1941 1828 honorabilem
1997 1765 2269 1850 loqiam,
2337 1776 2524 1851 prout
2594 1768 2687 1831 eis
2758 1790 2873 1832 seu
2941 1768 3191 1836 duabus

295 1885 590 1971 partibus
662 1905 910 1967 eorum,
983 1891 1052 1946 ut
1125 1881 1369 1945 dictum
1439 1890 1564 1962 est,
1640 1879 1965 1944 uidebitur
2014 1881 2395 1964 conuenire3
2470 1892 2533 1946 et
2580 1883 2846 1970 insuper
2912 1885 2981 1950 in
3026 1887 3187 1972 ipsis

300 2001 599 2066 domibus
648 2011 712 2065 et
757 2009 1012 2065 terreno
1061 1997 1217 2063 dicti
1267 1997 1579 2079 eomuniS,
1631 1997 1842 2083 posito
1892 1997 2078 2061 iuxta
2124 2021 2259 2082 eaS‚
2309 1997 2520 2064 facere
2570 2002 2855 2066 construi
2904 2012 2966 2066 et
3011 2001 3191 2068 hedi-

297 2118 480 2182 ficari
528 2117 642 2181 illa
687 2115 996 2198 hedifitia,
1049 2137 1174 2200 que
1209 2115 1448 2198 uolent,
1500 2137 1614 2201 pro
1649 2114 2039 2179 comoditate
2088 2114 2276 2180 offitii
2309 2116 2479 2182 dicte
2512 2128 2766 2182 monete
2814 2141 2927 2184 seu
2960 2120 3193 2199 ccc-che

301 2235 592 2299 comunis
639 2232 966 2298 Florentie
1015 2241 1080 2297 et
1128 2231 1488 2296 offitialium
1540 2231 1832 2298 comunis
1882 2231 2193 2298 eiusdem.

525 2363 593 2448 3)
661 2367 831 2431 Item
875 2367 1146 2454 possint,
1198 2375 1540 2431 teneantur
1586 2376 1651 2432 et
1698 2366 1978 2433 debeant
2026 2391 2237 2432 emere
2283 2375 2399 2454 'pro
2456 2392 2531 2434 eo
2577 2371 2783 2456 pretio
2832 2380 2897 2436 et
2942 2372 3189 2458 pretiiS,

300 2485 534 2570 quibus
583 2485 803 2550 uolent
872 2508 986 2550 seu
1032 2483 1485 2549 deliberabunt
1558 2483 1803 2549 domini
1861 2485 2109 2571 priores
2166 2485 2404 2550 artium
2460 2496 2523 2550 et
2583 2486 2903 2551 uexillifer
2950 2489 3194 2554 iustitie

299 2601 886 2686 gonsaloneriorum
933 2601 1303 2665 sotir-tatum
1347 2601 1568 2688 populi
1617 2611 1682 2666 et
1733 2603 1813 2666 12
1862 2602 2016 2666 boni
2076 2602 2201 2666 uiri
2250 2603 2541 2667 comunis
2599 2603 2872 2690 predicti
2920 2606 3023 2670 uel
3070 2606 3195 2672 due

301 2729 516 2804 partes
566 2742 804 2802 eorum,
843 2753 924 2762 —-
958 2717 1205 2802 turrim,
1255 2719 1536 2805 positam
1577 2719 1646 2782 in
1695 2719 1932 2804 angulo
1980 2719 2248 2783 mercati
2282 2719 2537 2802 ueteris,
2590 2721 2655 2784 in
2706 2721 2942 2807 populo
2986 2725 3193 2788 sancti

300 2833 479 2899 Petri
524 2834 996 2918 Bonconsiglii3
1049 2867 1133 2877 -
1183 2836 1284 2900 cui
1332 2835 1492 2899 turri
1541 2831 1672 2918 al)
1731 2835 1856 2919 uia,
1932 2831 2065 2919 αἳ)
2113 2835 2327 2922 platea
2373 2834 2680 2922 predicta,
2732 2833 2863 2921 a3)
2912 2837 2991 2904 de
3040 2837 3193 2905 Tor-

299 2953 698 3038 naquinciis,
757 2950 891 3036 a4)
937 2951 1277 3016 Francisci
1325 2951 1495 3015 Masi
1556 2951 1634 3015 de
1691 2951 1992 3036 Alferiis,
2068 2961 2133 3016 et
2181 2974 2259 3016 ex
2330 2951 2628 3018 domibus
2677 2976 2793 3018 seu
2840 2954 3191 3042 apotheciS,

299 3069 531 3155 positis
579 3069 763 3134 iuxta
809 3091 924 3133 seu
968 3091 1170 3155 prope
1220 3068 1460 3133 dictam
1507 3069 1757 3152 turrim,
1811 3069 1993 3133 illam
2041 3093 2152 3132 seu
2202 3068 2349 3134 illas
2396 3079 2611 3154 partes
2662 3093 2776 3135 seu
2822 3072 3191 3158 particulas,

301 3209 463 3272 quas
512 3188 637 3274 ipsi
685 3186 984 3252 offitiales
1034 3209 1148 3251 seu
1196 3184 1319 3250 due
1367 3195 1584 3272 partes
1634 3208 1874 3269 eorum,
1950 3195 2021 3250 ut
2069 3185 2313 3250 dictum
2360 3196 2485 3270 est,
2561 3186 2843 3252 uiderint
2889 3188 3193 3276 expedire

301 3325 419 3388 pro
467 3313 843 3368 ornamento
894 3303 1175 3368 ciuitatis
1223 3302 1512 3389 predicte
1550 3325 1665 3367 seu
1713 3303 1991 3367 utilitate
2026 3303 2338 3386 comuniS‚
2391 3313 2455 3366 et
2501 3304 2676 3390 ipsas
2708 3303 2917 3370 facere
2953 3305 3197 3371 destrui

303 3421 500 3484 etiam
544 3429 693 3486 ante
742 3421 1135 3507 emptionem
1165 3420 1449 3485 fiendam
1495 3431 1558 3484 et
1589 3421 1796 3506 aptari
1831 3430 1895 3484 et
1923 3420 2232 3506 reparari,
2284 3429 2472 3506 prout
2504 3420 2786 3485 uiderint
2820 3423 3194 3507 conuenire3

303 3559 425 3601 neo
470 3561 600 3601 non
648 3539 918 3624 possint,
970 3547 1311 3602 teneantur
1357 3547 1420 3601 et
1470 3536 1747 3602 debeant
1794 3559 2017 3602 omnes
2067 3545 2132 3600 et
2177 3537 2486 3620 singulos,
2537 3537 2619 3602 ad
2668 3561 2826 3624 quos
2875 3539 3046 3604 dicte
3093 3563 3196 3604 res

305 3653 410 3718 uel
457 3654 743 3740 ipsarum
789 3654 1009 3739 aliqua
1063 3655 1414 3740 pertineret
1470 3677 1584 3718 seu
1631 3655 1951 3740 pertinere
2001 3653 2337 3736 diceretur,
2412 3675 2639 3739 cogere
2686 3664 2751 3720 et
2798 3657 2941 3740 cogi
2987 3656 3199 3721 facere

304 3793 419 3856 per
465 3793 934 3856 quemcumque
1003 3781 1320 3834 rectorem
1367 3780 1432 3835 et
1478 3770 1779 3835 offitiales
1829 3770 1986 3835 dicti
2036 3770 2255 3857 populi
2302 3779 2368 3834 et
2414 3772 2733 3856 comuniS,
2806 3783 2871 3837 et
2925 3772 3200 3859 quilibet

304 3898 517 3952 rector
573 3899 638 3952 et
693 3887 979 3952 offitialis
1041 3887 1197 3951 dicti
1256 3888 1474 3974 populi
1535 3897 1598 3951 et
1653 3888 1945 3952 comunis
2005 3887 2231 3973 possit,
2282 3896 2578 3951 teneatur
2624 3897 2689 3951 et
2744 3887 2975 3954 debeat
3032 3911 3201 3975 pena

306 4007 440 4071 500
494 4004 806 4070 librarum
860 4005 903 4070 f.
954 4029 1014 4090 p.
1067 4027 1294 4089 cogere
1364 4013 1428 4068 et
1485 4005 1628 4090 cogi
1675 4003 1887 4069 facere
1937 4003 2283 4068 summarie
2331 4013 2396 4067 et
2443 4003 2523 4068 de
2569 4003 2741 4069 facto
2787 4004 2871 4069 ad
2918 4005 3199 4071 uenden-

308 4121 462 4186 dum
507 4132 571 4185 et
617 4122 1003 4187 tradendum
1052 4122 1242 4186 dictis
1291 4121 1686 4204 offitialibuS,
1739 4143 1853 4208 pro
1904 4121 2077 4185 dicto
2119 4119 2375 4184 comuni
2408 4120 2887 4206 recipientibuS,
2924 4143 3024 4185 res
3058 4144 3199 4208 pre-

308 4237 514 4302 dictas
567 4279 648 4286 -—
696 4261 811 4325 pro
859 4240 952 4304 eis
1002 4240 1245 4326 pretiis,
1295 4275 1376 4284 —
1427 4239 1660 4325 quibus
1710 4239 1931 4302 uolent
1978 4238 2105 4324 ipsi
2154 4237 2454 4302 offitiales
2489 4261 2602 4302 seu
2649 4237 2771 4302 due
2835 4247 3048 4324 partes
3098 4261 3198 4304 eo-

309 4379 468 4420 rum.
551 4392 634 4400 —
713 4355 980 4422 Possint
1047 4380 1299 4443 quoque
1371 4380 1486 4442 pro
1556 4356 1862 4442 predictis
1936 4355 2235 4418 omnibus
2292 4364 2355 4418 et
2426 4353 2699 4438 singulis
2766 4353 3079 4418 faciendis
3137 4364 3202 4420 et

308 4473 706 4557 exequendis
755 4472 1120 4559 expendere
1168 4483 1232 4538 et
1278 4497 1502 4537 omnes
1551 4496 1890 4558 expensaS,
1943 4495 2065 4557 que
2099 4471 2438 4535 occasione
2479 4469 2915 4556 predictorum
2947 4471 3051 4536 uel
3086 4471 3199 4535 ali-

310 4590 492 4654 cuius
541 4613 762 4654 eorum
809 4600 1167 4673 occurrent,
1216 4589 1428 4654 facere
1478 4599 1542 4653 et
1575 4590 1725 4654 dare.
1760 4599 1823 4653 et
1856 4589 2107 4654 soluere
2142 4628 2223 4636 —
2258 4611 2373 4674 per
2405 4610 2625 4650 eorum
2658 4587 3043 4651 camerarios
3078 4599 3196 4652 cet.

533 4704 797 4770 Possint
844 4729 1094 4793 quoque
1145 4705 1300 4771 dieti
1349 4705 1651 4770 offitiales
1701 4716 1764 4770 et
1813 4705 1933 4769 due
1981 4715 2199 4791 partes
2249 4727 2487 4787 eorum,
2540 4713 2609 4768 ut
2654 4703 2900 4768 dictum
2948 4715 3064 4788 est,
3138 4715 3202 4769 et

312 4821 592 4886 debeant
637 4824 949 4889 extimare
1008 4846 1123 4887 seu
1171 4823 1497 4888 declarare
1546 4824 1745 4888 semel
1802 4833 1866 4887 et
1912 4822 2154 4909 pluries
2204 4831 2266 4886 et
2313 4822 2907 4906 quotienscumque,
2959 4831 3200 4906 quanto

313 4939 546 5024 aliquis
618 4963 733 5003 seu
801 4939 1002 5025 aliqui
1073 4950 1137 5003 et
1205 4941 1593 5026 quicumque
1663 4939 2175 5005 meliorabuntur
2243 4961 2357 5003 seu
2423 4937 2741 5002 meliorati
2811 4935 3052 5001 fuerint
3122 4960 3202 5002 ex

313 5053 776 5138 destructione,
839 5055 1188 5140 dirutione,
1262 5057 1636 5140 refectione,
1711 5056 2166 5121 hedificatione
2216 5077 2329 5119 seu
2377 5054 2801 5141 reparatione,
2849 5052 3038 5117 factis
3088 5076 3203 5118 seu

495 5275 532 5342 Ι)
570 5272 680 5328 Cfr.
706 5272 1016 5327 Dokument
1041 5273 1166 5326 Vm
1213 5275 1278 5330 A.
1306 5277 1356 5330 3.
