4009 5859
2064 392 2190 456 146

684 573 845 637 mini
890 571 1244 654 Francisci,
1293 569 1421 636 Dei
1469 579 1533 634 et
1563 569 1941 654 Apostolice
1975 565 2165 633 Sedis
2214 569 2423 653 gratia
2468 569 2752 653 episcopi
2785 565 2839 630 F
2842 567 3165 649 lorentini,
3217 577 3280 630 et
3313 565 3558 629 domini

686 685 1005 752 Gualterii
1052 686 1131 750 de
1178 684 1557 768 Ponturm0,
1628 684 1923 748 canonici
1968 682 2358 766 morentini,
2419 693 2483 748 et
2526 681 2869 768 presbiteri
2919 677 3122 764 Clari,
3197 679 3559 766 cappellani

682 801 953 866 ecclesie
1000 800 1392 883 Florentine,
1443 799 1805 864 offitialium
1854 808 1917 862 et
1963 799 2403 884 operariorum
2449 820 2564 884 pro
2612 798 2755 884 ipso
2804 797 3064 862 domino
3098 799 3433 885 episcop03
3484 821 3559 862 ac

683 918 881 982 etiam
949 916 1224 980 Tedictii
1295 914 1649 980 Manouelli
1718 922 1783 978 et
1833 912 2154 978 Jeronimi
2201 910 2382 978 Salui
2431 910 2629 997 Clari,
2680 914 3032 998 laycorum,
3084 913 3449 979 offitialium
3495 923 3560 978 et

685 1031 1121 1118 operariorum
1153 1052 1269 1115 pro
1318 1030 1576 1094 comuni
1607 1028 1952 1112 Florentie,
1988 1029 2454 1114 presidentium
2486 1031 2662 1116 operi
2697 1029 2966 1094 ecclesie
2998 1031 3184 1094 beate
3215 1029 3556 1116 Reparate,

683 1145 1068 1211 cathedralis
1147 1145 1417 1209 ecclesie
1499 1144 1901 1227 Florentine,
1984 1145 2265 1209 dominis
2345 1145 2668 1231 prioribus
2750 1147 2983 1210 artium
3066 1156 3131 1209 et
3195 1144 3558 1210 uexillifero

684 1261 928 1324 iustitie
976 1260 1195 1346 populi
1242 1257 1603 1325 Florentini
1651 1268 1948 1344 porrecta
1994 1268 2058 1323 et
2101 1259 2290 1344 facta,
2349 1261 2520 1324 inter
2566 1271 2779 1324 cetera
2825 1261 3214 1343 continente,
3270 1261 3444 1346 quod
3490 1263 3560 1325 in

682 1375 1045 1441 subsidium
1090 1385 1154 1440 et
1200 1398 1314 1461 pro
1363 1374 1654 1440 subsidio
1703 1375 1915 1461 operis
1965 1375 2223 1439 mirifici
2270 1375 2561 1440 eiusdem
2607 1375 2878 1440 ecclesie
2926 1376 3045 1440 sub
3092 1375 3266 1439 felici
3299 1375 3559 1441 nomine

683 1492 993 1575 inchoati,
1044 1501 1109 1555 et
1155 1501 1225 1555 ut
1269 1491 1481 1576 ipsum
1529 1513 1687 1575 opus
1734 1491 1802 1554 in
1850 1490 2037 1554 breui
2083 1500 2371 1576 tempore
2419 1491 2500 1556 ad
2546 1493 2978 1556 reuerentiam
3025 1501 3088 1556 et
3129 1493 3324 1556 decus
3357 1493 3560 1556 omni-

681 1607 961 1693 potentis
993 1605 1122 1670 Dei
1167 1603 1232 1670 et
1275 1607 1463 1671 beate
1512 1604 1783 1690 uirginis
1828 1603 2058 1687 Marie,
2109 1607 2335 1670 matris
2384 1606 2539 1688 eius,
2591 1616 2655 1670 et
2699 1607 2887 1670 beate
2921 1605 3242 1691 Reparate
3287 1607 3559 1692 uirginis

681 1732 745 1786 et
790 1723 873 1786 ad
917 1721 1227 1786 honorem
1274 1730 1338 1784 et
1383 1720 1678 1785 decorem
1709 1718 1763 1783 F
1765 1719 2083 1784 lorentine
2130 1721 2411 1786 ciuitatis
2445 1731 2732 1807 optatum
2762 1722 3034 1809 recipiat
3071 1722 3556 1806 incrementum,

681 1858 755 1901 ac
800 1837 997 1902 etiam
1026 1859 1141 1922 pro
1174 1835 1444 1900 emendo
1476 1845 1540 1900 et
1572 1835 1963 1920 acquirendo
1996 1836 2222 1901 domos
2255 1846 2320 1900 et
2350 1848 2694 1919 terrenum,
2737 1838 3198 1903 includendum
3228 1849 3292 1902 et
3321 1861 3560 1924 ponen-

680 1951 834 2017 dum
879 1952 948 2016 in
996 1951 1270 2016 ecclesia
1315 1951 1657 2034 antedicta,
1709 1973 1822 2036 per
1866 1952 2140 2016 consilia
2179 1953 2536 2038 solempnia
2566 1953 2786 2038 populi
2818 1963 2882 2016 et
2912 1953 3202 2018 comunis
3235 1952 3559 2017 Florentie

678 2067 1003 2153 prouideri
1050 2075 1115 2132 et
1158 2066 1403 2132 firmari
1450 2066 1730 2150 deberet,
1780 2067 1952 2152 quod
1999 2067 2288 2154 ipsorum
2335 2067 2749 2133 consiliorum
2797 2078 2862 2133 et
2907 2069 3198 2134 comunis
3231 2068 3285 2133 F
3288 2068 3558 2134 lorentie

680 2183 1057 2248 auctoritate
1083 2191 1147 2246 et
1167 2183 1387 2268 uigore
1409 2182 1736 2267 impositio
1762 2192 1827 2246 et
1856 2183 2109 2248 exactio
2143 2192 2313 2248 certe
2346 2193 2411 2247 et
2442 2183 2864 2248 determinate
2887 2184 3264 2269 quantitatis
3290 2183 3560 2270 pecunie

676 2299 863 2362 fieret
909 2307 972 2361 et
1016 2297 1157 2362 fieri
1203 2307 1423 2382 posset
1470 2307 1533 2360 et
1580 2297 1843 2361 deberet
1888 2298 2058 2361 inter
2103 2297 2397 2363 homines
2445 2308 2510 2362 et
2538 2321 2849 2384 personas
2885 2310 2948 2364 et
2980 2300 3060 2363 ab
3093 2299 3464 2364 hominibus
3497 2307 3562 2362 et

679 2412 972 2498 personis
1022 2411 1303 2478 ciuitatis
1360 2420 1424 2475 et
1484 2413 1824 2477 comitatus
1871 2410 2218 2496 Florentie,
2278 2423 2342 2477 et
2399 2412 2572 2499 quod
2620 2412 2908 2499 quelibet
2954 2435 3232 2499 persona
3278 2414 3560 2477 ciuitatis

681 2537 748 2592 et
793 2528 1136 2592 comitatus
1182 2525 1236 2590 F
1240 2527 1530 2610 lorentie,
1582 2549 1705 2612 que
1752 2527 1821 2592 in
1870 2528 2128 2613 scriptis
2179 2551 2364 2593 suam
2409 2528 2706 2595 ultimam
2737 2528 3110 2614 disponeret
3139 2527 3558 2612 uoluntatem,

681 2651 1007 2706 teneretur
1051 2651 1115 2706 et
1160 2641 1423 2706 deberet
1465 2641 1679 2728 legare
1723 2643 1793 2706 in
1826 2643 2190 2711 subsidium
2224 2644 2380 2708 dicti
2413 2645 2626 2730 operis
2661 2645 2945 2730 aliquam
2990 2644 3260 2731 pecunie
3309 2644 3561 2729 quanti-

680 2766 896 2840 tatem,
947 2755 1303 2822 secundum
1333 2756 1505 2841 quod
1536 2755 1656 2820 hec
1688 2767 1752 2821 et
1784 2757 1913 2822 alia
1942 2757 2013 2822 in
2046 2758 2190 2843 ipsa
2220 2759 2550 2844 petitione,
2587 2759 2682 2824 sic
2713 2769 3024 2844 porrecta,
3074 2759 3326 2845 plenius
3359 2759 3558 2823 conti-

679 2873 1002 2937 nebantur
1069 2880 1133 2936 et
1201 2893 1511 2957 expressa
1556 2882 1758 2938 erant.
1852 2869 2001 2951 Qua
2057 2873 2318 2959 quidem
2365 2875 2672 2961 petitione
2720 2874 3064 2960 diligenter
3096 2875 3465 2938 examinata
3497 2884 3562 2938 et

682 3011 875 3074 super
922 3010 998 3052 ea
1041 2987 1235 3073 plena
1280 2988 1744 3053 deliberatione
1792 2988 2151 3074 prehabita,
2215 3013 2331 3076 per
2376 2991 2670 3056 dominos
2720 2991 2966 3076 priores
3015 2999 3080 3054 et
3124 2990 3560 3056 uexilliferum

588 3127 595 3135 ·
681 3101 1020 3168 iamdictos
1069 3102 1409 3188 sollempni
1440 3103 1609 3167 inter
1641 3126 1750 3168 eos
1784 3105 2139 3171 secundum
2167 3105 2442 3171 formam
2482 3105 2704 3170 statuti
2753 3105 3108 3192 scruptinio
3155 3104 3239 3168 ad
3279 3104 3558 3190 pissides

683 3227 747 3282 et
790 3217 1105 3285 balloctas
1154 3218 1476 3284 celebrato
1524 3229 1587 3284 et
1623 3220 1813 3304 fact0,
1865 3215 2286 3304 concorditer,
2337 3221 2716 3286 auctoritate
2759 3229 2823 3284 et
2861 3220 3085 3305 uigore
3119 3242 3338 3284 eorum
3371 3219 3557 3283 offitii

682 3334 1034 3420 prouisum,
1070 3317 1498 3400 deliberatum
1531 3344 1594 3400 et
1622 3337 1951 3402 firmatum
1980 3337 2122 3421 fuit,
2159 3336 2332 3422 quod
2361 3337 2764 3423 pedictorum
2795 3336 3132 3400 occasione
3163 3334 3334 3398 inter
3353 3333 3556 3396 homi-

685 3471 801 3514 nes
850 3458 914 3513 et
959 3472 1270 3535 personas
1319 3459 1383 3514 et
1429 3452 1509 3514 ab
1558 3451 1929 3516 hominibus
1979 3461 2044 3516 et
2089 3453 2384 3538 personis
2433 3451 2716 3516 ciuitatis
2765 3460 2830 3514 et
2861 3451 3200 3516 comitatus
3233 3447 3556 3514 Florentie

681 3564 1010 3650 impositio
1058 3575 1122 3629 et
1168 3566 1421 3630 exactio
1470 3567 1849 3651 quantitatis
1896 3569 2168 3652 pecunie
2201 3566 2606 3652 infrascripte
2641 3576 2706 3630 et
2734 3565 2926 3632 modo
2959 3577 3023 3629 et
3053 3564 3260 3628 forma
3289 3561 3556 3628 inferius

684 3681 1027 3764 annotatis,
1087 3683 1466 3746 auctoritate
1515 3690 1578 3745 et
1623 3683 1844 3767 uigore
1892 3683 2310 3747 consiliorum
2357 3682 2574 3768 populi
2625 3691 2689 3745 et
2733 3681 3027 3746 comunis
3072 3677 3126 3742 F
3130 3677 3397 3743 lorentie
3444 3678 3560 3742 fiat

686 3805 750 3860 et
794 3797 933 3862 fieri
982 3796 1191 3883 possit
1237 3806 1301 3861 et
1346 3797 1578 3861 debeat
1608 3797 1784 3861 licite
1817 3808 1881 3862 et
1909 3798 2150 3884 inpune
2184 3797 2503 3880 uidelicet,
2553 3796 2727 3882 quod
2756 3796 3190 3882 predictorum
3221 3796 3558 3860 occasione

682 3913 980 3998 exigatur
1048 3921 1112 3976 et
1180 3913 1353 3997 exigi
1422 3913 1631 3998 possit
1699 3923 1762 3976 et
1831 3913 2065 3976 debeat
2132 3936 2171 3977 a
2225 3912 2512 3998 qualibet
2556 3935 2834 3998 persona
2879 3911 3162 3976 ciuitatis
3207 3910 3553 3994 Florentie,

682 4028 1030 4113 burgorum
1078 4036 1141 4092 et
1180 4029 1624 4113 suburgorum,
1676 4028 1730 4092 si
1764 4026 2064 4092 allibrata
2094 4028 2447 4113 reperietur
2478 4051 2517 4092 a
2547 4028 2777 4114 uiginti
2811 4028 3092 4113 quinque
3125 4027 3308 4092 libris
3343 4049 3554 4113 supra,

686 4143 927 4210 solidos
976 4145 1016 4208 2
1048 4143 1091 4208 f.
1125 4165 1187 4230 p.
1236 4165 1350 4229 pro
1400 4165 1517 4208 sua
1562 4163 1856 4228 persona,
1908 4151 1971 4206 et
2018 4141 2178 4208 alios
2226 4142 2466 4208 solidos
2515 4144 2555 4206 2
2587 4143 2630 4207 f.
2664 4165 2726 4228 p.
2760 4165 2878 4228 pro
2907 4142 3174 4228 reliquis
3207 4143 3286 4208 de
3320 4167 3438 4208 sua
3466 4143 3557 4207 fa-

683 4259 883 4343 milia,
934 4259 991 4324 si
1038 4249 1237 4324 unum
1283 4259 1423 4323 siue
1468 4257 1683 4344 plures
1732 4257 2052 4322 masculos
2102 4257 2206 4321 uel
2251 4257 2545 4342 feminas,
2597 4258 2978 4323 excedentes
3028 4269 3264 4325 etatem
3314 4262 3400 4326 15
3448 4282 3556 4324 an-

685 4397 916 4441 norum
974 4374 1043 4439 in
1098 4396 1216 4438 sua
1270 4372 1519 4438 familia
1574 4371 1902 4455 habuerit3
1964 4373 2021 4437 si
2077 4394 2228 4437 uero
2285 4373 2588 4438 allibrata
2637 4373 2832 4438 fuerit
2886 4374 2956 4438 in
3003 4376 3088 4440 25
3134 4375 3319 4439 libris
3367 4375 3474 4439 uel
3520 4399 3560 4439 a

684 4490 769 4555 25
815 4489 1003 4554 libris
1050 4489 1246 4572 infra,
1308 4487 1606 4553 denarios
1660 4489 1739 4552 12
1770 4487 1813 4551 f.
1848 4509 1910 4573 p.
1960 4508 2075 4572 pro
2124 4510 2242 4553 sua
2286 4510 2580 4574 persona,
2643 4498 2707 4552 et
2752 4489 2914 4554 alios
2965 4489 3260 4554 denarios
3312 4491 3394 4555 12
3442 4511 3557 4574 pro

682 4604 947 4689 reliquis
991 4603 1069 4668 de
1114 4626 1231 4668 sua
1270 4603 1534 4686 familia,
1585 4603 1640 4667 si
1678 4625 1877 4667 unum
1918 4603 2057 4667 siue
2088 4603 2306 4688 plures
2338 4604 2657 4668 masculos
2689 4604 2796 4668 uel
2825 4604 3119 4688 feminas,
3169 4604 3556 4669 excedentes

683 4728 922 4784 etatem
972 4720 1053 4784 15
1086 4741 1402 4783 annorum
1441 4719 1510 4782 in
1550 4741 1667 4783 sua
1696 4718 1943 4782 familia
1974 4717 2298 4800 habuerit3
2349 4729 2413 4782 et
2443 4719 2637 4783 etiam
2671 4742 2710 4783 a
2738 4719 3029 4804 qualibet
3060 4742 3334 4805 persona
3365 4719 3557 4784 comi-

684 4842 855 4898 tatus
886 4832 940 4897 F
941 4834 1231 4916 lorentie,
1282 4834 1339 4898 si
1371 4833 1647 4898 alibrata
1674 4834 2031 4918 reperietur
2062 4857 2101 4898 a
2131 4836 2172 4898 5
2206 4834 2390 4899 libris
2425 4857 2634 4920 supra,
2685 4835 2984 4900 denarios
3022 4836 3103 4899 12
3126 4835 3169 4899 f.
3196 4858 3256 4921 p.
3291 4859 3408 4921 pro
3441 4858 3560 4899 sua

683 4971 977 5035 persona,
1028 4959 1093 5013 et
1138 4949 1298 5013 alios
1348 4948 1645 5013 denarios
1697 4949 1778 5013 12
1809 4948 1851 5013 f.
1884 4971 1947 5036 p.
1976 4973 2111 5040 ‘pro
2159 4949 2426 5035 reliquis
2476 4951 2553 5014 de
2602 4973 2720 5014 sua
2761 4949 3027 5032 familia,
3079 4950 3136 5014 si
3175 4973 3373 5015 unum
3419 4949 3556 5014 siue

684 5063 900 5151 plures
944 5064 1266 5128 masculos
1314 5063 1419 5129 uel
1462 5063 1757 5147 feminae,
1809 5065 2194 5130 excedentes
2241 5075 2476 5130 etatem
2529 5067 2608 5130 15
2657 5087 2989 5148 annorum,
3037 5065 3106 5128 in
3154 5088 3270 5129 sua
3312 5064 3560 5130 familia

682 5180 1011 5264 habuerit3
1060 5180 1117 5245 si
1162 5202 1314 5246 vero
1362 5179 1663 5266 allibrata
1704 5179 1898 5244 fuerit
1941 5181 2012 5243 in
2057 5182 2098 5244 5
2145 5179 2329 5245 libris
2380 5180 2483 5244 uel
2529 5203 2568 5244 a
2613 5181 2654 5244 5
2687 5179 2871 5246 libris
2903 5181 3090 5265 infra,
3140 5189 3204 5246 et
3233 5181 3556 5246 masculus
