4009 5859
1865 389 1991 457 153

1944 479 2132 488 ———.—.-—

484 567 565 635 ad
614 567 911 635 decorem
958 580 1021 636 et
1067 567 1262 636 decus
1312 569 1593 635 ciuitatis
1643 582 1705 636 et
1753 570 1967 656 populi
2015 569 2369 634 Florentini
2422 567 2488 634 in
2537 567 2894 635 subsidium
2945 581 3006 635 et
3053 594 3169 656 pro
3217 569 3362 636 sub·

484 686 649 750 sidio
698 688 987 752 mirificis
1034 687 1247 774 operis
1296 687 1567 751 ecclesie
1601 698 1821 752 sancte
1853 685 2194 771 Reparate,
2245 685 2633 750 cathedralis
2667 685 2938 750 ecclesie
2969 685 3360 770 Florentino,

484 824 604 886 que
650 813 1013 887 reparatur,
1088 803 1245 886 quin
1291 803 1489 866 immo
1547 801 1626 864 de
1674 825 1842 866 nouo
1899 801 2292 866 construitur
2347 824 2462 886 pro
2519 803 2774 868 comuni
2829 801 3138 888 predictO,
3197 803 3366 867 ultra
3419 793 3426 800 ⁸

484 918 893 1002 quantitateS‚
944 918 1104 984 alias
1153 918 1465 983 hactenus
1514 917 1843 982 ordinatas
1894 928 1958 982 et
2004 917 2326 982 stabilitas
2375 917 2440 980 in
2492 915 2620 981 hiis
2669 917 2945 1002 expendi
2980 917 3212 982 debere
3247 941 3362 1003 pro

485 1035 739 1098 comuni
771 1033 1079 1120 predicte,
1120 1035 1453 1098 camerarii
1498 1032 1787 1099 eiusdem
1819 1033 2130 1115 comuniS,
2183 1045 2314 1098 tam
2353 1042 2683 1118 presentes
2711 1055 2905 1118 quam
2935 1033 3151 1116 futuri,
3186 1074 3267 1082 ——
3295 1035 3364 1098 in

484 1150 755 1214 termino
811 1159 875 1213 et
919 1173 1035 1236 per
1079 1150 1426 1214 terminum
1481 1160 1544 1214 et
1597 1159 1849 1234 tempus
1900 1149 2170 1213 duorum
2215 1147 2571 1213 futurorum
2620 1171 2962 1232 annorum,
3034 1149 3104 1213 in
3151 1149 3362 1214 medio
3407 1239 3412 1243 ἢ

482 1267 677 1330 futuri
726 1265 967 1330 mensis
1000 1264 1338 1330 Februarii
1386 1265 1506 1329 sub
1554 1265 1742 1329 annis
1776 1265 2020 1330 domini
2058 1267 2222 1330 1301
2262 1260 2512 1348 (1302),
2564 1264 2918 1330 indictione
2953 1267 3054 1348 15,
3105 1265 3362 1330 initian-

484 1382 729 1464 dorum,
802 1393 865 1446 et
922 1382 990 1446 in
1046 1381 1259 1446 medio
1315 1381 1559 1446 mensis
1613 1380 1948 1446 Februarii
2006 1382 2126 1446 sub
2184 1381 2373 1446 annis
2431 1380 2675 1445 domini
2737 1383 2907 1447 1303
2954 1377 3206 1466 (1304),
3269 1383 3362 1446 in-

486 1499 764 1562 dictione
813 1499 872 1581 2,
930 1497 1471 1584 complendorum,
1530 1496 1608 1562 de
1664 1498 1867 1582 ipsius
1925 1497 2216 1562 comunis
2271 1498 2563 1582 pecunia,
2623 1497 2704 1562 ad
2751 1498 2928 1584 ipsos
2977 1499 3362 1564 camerarios

486 1625 549 1678 et
617 1636 938 1680 cameram
994 1613 1287 1678 comunis
1356 1613 1795 1700 prouenienda
1862 1634 1941 1676 ex
1987 1611 2246 1697 gabella
2291 1622 2357 1676 et
2400 1635 2517 1698 pro
2564 1613 2820 1697 gabella
2864 1614 2908 1677 4
2955 1613 3364 1678 denariorum

484 1752 599 1815 per
642 1731 905 1814 libram,
960 1763 1040 1774 --
1092 1752 1167 1794 ac
1214 1729 1409 1794 etiam
1454 1729 1533 1792 de
1580 1728 1836 1814 gabella
1875 1751 1989 1794 seu
2020 1727 2275 1792 redditu
2308 1739 2372 1792 et
2401 1739 2716 1814 prouentu
2750 1728 3004 1813 pedagii
3037 1740 3362 1815 portarum

486 1885 569 1894 --
620 1846 877 1911 soluant
924 1886 1007 1894 —
1057 1869 1259 1931 usque
1306 1847 1371 1910 in
1423 1880 1506 1889 —
1556 1867 1875 1909 summam
1922 1847 2102 1910 8000
2145 1845 2458 1910 librarum
2500 1844 2545 1910 f.
2581 1867 2642 1930 p.
2695 1856 2812 1911 cet.

706 1961 892 2027 Dazu
938 1961 1223 2046 gehoren
1270 1961 1374 2026 die
1424 1959 1764 2027 Consul’te:

708 2079 839 2143 Die
903 2079 1192 2144 XXIIII
1246 2081 1477 2143 mensis
1546 2077 1929 2143 Nouembm
2004 2073 2231 2162 (1301.
2327 2075 2640 2143 Consulte
2709 2078 2858 2143 filza
2925 2081 2966 2144 5
3034 2101 3098 2164 p.
3159 2082 3237 2145 17
3266 2075 3357 2163 b).

704 2194 785 2259 In
834 2196 1105 2261 consilio
1154 2205 1432 2260 centum.

704 2311 875 2377 Item
918 2312 1376 2397 prouisionem,
1426 2311 1665 2376 factam
1712 2334 1905 2396 super
1952 2309 2244 2377 subsidio
2293 2311 2564 2377 ecclesie
2597 2321 2816 2376 sancte
2847 2309 3188 2396 Reparate‚
3247 2333 3361 2396 pro

486 2427 733 2494 duobus
802 2429 1011 2511 annis,
1083 2428 1419 2494 initiandis
1468 2429 1535 2492 in
1592 2426 1805 2493 medio
1860 2429 2106 2494 mensis
2151 2428 2511 2512 Februarii,
2561 2428 2854 2512 proxime
2902 2429 3178 2512 uenturi,
3235 2429 3355 2492 sub

485 2545 671 2610 annis
720 2542 963 2608 domini
1010 2544 1361 2610 Millesimo
1411 2541 1624 2610 CCCI
1671 2541 1795 2628 (Π)
1842 2545 2198 2610 secundum
2246 2567 2492 2608 morem
2537 2543 2829 2609 solitum:
2903 2543 3158 2608 Placuit
3205 2545 3312 2610 80.

706 2661 787 2725 In
835 2660 1105 2726 consilio
1153 2660 1410 2746 spetiali
1459 2660 1807 2746 capitanei:
1879 2660 2135 2725 Placuit
2167 2663 2272 2726 69.

705 2779 835 2842 Die
878 2777 1081 2845 XXV
1112 2781 1340 2843 mensis
1387 2777 1769 2842 Nouembris
1816 2773 1904 2864 (p.
1945 2773 2130 2860 18a).

702 2893 782 2957 In
830 2895 1103 2959 consilio
1150 2893 1435 2979 generali
1485 2892 1777 2958 comunis

484 3010 937 3094 prouisionem‚
979 3001 1216 3075 factam
1250 3033 1441 3096 super
1481 3010 1771 3075 subsidio
1805 3010 2078 3075 ecclesie
2112 3020 2332 3074 sancte
2363 3008 2684 3093 Reparate
2717 3030 2830 3093 pro
2865 3007 3114 3072 duobus
3149 3009 3356 3091 anniS,

484 3127 819 3192 initiandis
878 3128 947 3192 in
1002 3128 1215 3192 medio
1273 3127 1515 3192 mensis
1562 3127 1928 3211 Februarii,
2000 3127 2293 3212 proxime
2352 3125 2632 3207 uenturi,
2705 3125 2826 3190 sub
2874 3125 3063 3188 annis
3113 3124 3358 3189 domini

489 3243 652 3307 1301
704 3239 823 3326 (2),
896 3242 1249 3308 indictione
1309 3245 1421 3326 15,
1494 3254 1557 3308 et
1611 3243 2044 3307 finiendorum
2100 3243 2167 3307 in
2225 3242 2436 3306 medio
2483 3241 2726 3306 mensis
2773 3241 3130 3323 Februarii,
3205 3251 3358 3305 tunc

486 3360 774 3442 proxime
822 3359 1295 3445 subsequentis,
1347 3361 1467 3425 sub
1516 3360 1703 3424 annis
1754 3358 1996 3423 domini
2052 3360 2223 3425 1303
2270 3353 2394 3442 (4):
2474 3355 2728 3422 Placuit
2773 3357 2922 3421 335.

542 5315 710 5368 i'rey,
739 5317 811 5356 dle
840 5318 1004 5365 boggis
1030 5317 1099 5356 del
1127 5315 1317 5365 signori.
2789 5294 2860 5346 20
