4009 5859
2057 419 2185 481 180

676 595 743 660 in
801 605 991 681 pastu
1046 603 1109 658 et
1162 617 1278 680 pro
1328 605 1515 680 pastu
1562 593 1817 658 leonum
1867 593 2160 658 comunis
2206 593 2260 658 F
2263 593 2534 658 lorentie
2583 603 2645 658 et
2693 595 2761 658 in
2807 593 3116 660 salarium
3161 594 3549 676 nuntiorum,

674 733 1007 776 cursorum
1052 719 1118 774 et
1164 710 1658 796 exploratorum,
1710 749 1791 758 —
1842 719 1906 773 et
1952 732 2067 795 pro
2101 709 2315 792 cartiS,
2361 710 2612 796 pennis,
2663 711 2965 794 incastro,
3001 709 3288 794 torchiis,
3323 710 3552 775 cande-

674 827 777 911 lis,
826 825 1102 912 panellis
1151 834 1216 889 et
1263 847 1412 890 cera
1456 835 1519 889 et
1566 848 1681 910 pro
1730 824 2001 908 balistis,
2040 824 2390 911 quadrellis
2431 835 2496 890 et
2525 825 2672 891 aliis
2705 824 2901 890 armis
2931 835 2996 890 et
3027 826 3432 892 arnensibuS.
3471 861 3552 870 --

898 937 1151 1006 Salaria
1195 949 1259 1004 et
1305 941 1646 1026 stipendia,
1700 941 1920 1005 debita
1964 940 2424 1028 stipendiariis.

900 1051 1118 1121 Pretia
1163 1056 1549 1142 pensionum
1598 1056 1931 1120 domorum
1980 1065 2046 1121 et
2089 1056 2494 1141 palatiorum,
2522 1056 2977 1122 conduttorum
3007 1079 3121 1144 pro
3153 1057 3555 1123 habitatione

679 1172 1042 1238 offitialium
1093 1171 1405 1236 comuniS.
1470 1239 1481 1248 ‚

904 1285 1147 1352 Omnes
1195 1287 1466 1374 pecunie
1516 1287 1929 1373 quantitates,
1982 1289 2319 1374 deputatas
2365 1312 2482 1375 pro
2531 1289 3006 1356 constructione
3047 1311 3372 1353 murorum
3403 1289 3556 1353 ciui-

679 1405 829 1469 tatis
878 1403 1205 1468 Florentie
1261 1425 1336 1468 ac
1391 1404 1585 1472 etiam
1640 1427 1755 1488 pro
1814 1403 2172 1470 claudendo
2229 1413 2293 1469 et
2352 1404 2758 1470 fortificando
2807 1405 3017 1492 ipsam
3061 1405 3392 1470 ciuitatem
3437 1427 3557 1469 nec

680 1543 811 1584 non
857 1543 973 1605 pro
1022 1520 1497 1584 constructione
1546 1530 1610 1584 et
1654 1519 2002 1585 refectione
2051 1520 2345 1606 pontium
2391 1521 2674 1586 ciuitatis
2719 1520 2773 1585 F
2777 1520 3066 1585 lorentie.

904 1631 1146 1699 Omnes
1208 1634 1477 1720 pecunie
1526 1637 1920 1720 quantitates
1968 1659 2084 1722 pro
2132 1637 2454 1702 laborerio
2501 1639 2714 1723 operis
2763 1637 3031 1702 ecclesie
3079 1645 3302 1702 sancte
3349 1635 3555 1722 Repa-

681 1759 845 1834 rate,
896 1773 1016 1815 nec
1062 1774 1194 1816 non
1240 1774 1461 1816 omnes
1510 1753 1779 1838 pecunie
1827 1754 2249 1838 quantitates,
2301 1753 2553 1818 debitas
2601 1753 2705 1817 uel
2752 1752 3078 1818 debendae
3127 1774 3241 1838 per
3288 1773 3558 1815 comune

682 1867 736 1932 F
740 1866 1010 1932 lorentie
1059 1866 1252 1931 alicui
1300 1866 1405 1932 uel
1452 1867 1774 1952 aliquibus
1823 1891 1937 1954 pro
1987 1869 2204 1954 aliquo
2252 1869 2454 1934 offitio
2503 1891 2616 1934 seu
2665 1869 2948 1952 seruitiO,
2983 1890 3180 1933 causa
3225 1866 3330 1932 uel
3373 1867 3554 1951 fatto,

686 1982 904 2048 debito
952 1983 1058 2048 uel
1106 1981 1503 2066 contratto¹).

2043 2847 2214 2929 VII.

693 3045 1137 3146 Palazzo
1160 3044 1227 3181 ²)
1302 3077 1360 3145 e
1436 3044 1813 3145 Piazza
1888 3044 2170 3146 della
2229 3045 2756 3177 Signoria,
2836 3044 3052 3146 San
3103 3042 3564 3144 Romolo

1649 3246 1707 3314 e
1786 3213 2122 3316 Santa
2197 3212 2624 3316 Oeoilia.

921 3585 980 3652 1.
1074 3588 1265 3651 Anno
1312 3593 1511 3666 1289,
1558 3589 1902 3652 indictione
1949 3593 2013 3668 2,
2063 3589 2164 3652 die
2214 3595 2252 3651 4
2303 3589 2582 3673 Auyusti
2624 3583 2941 3674 (Capitoli
2989 3588 3075 3652 44
3123 3611 3182 3672 p.
3236 3582 3423 3670 75b).

919 3720 1246 3803 Bonitius,
1318 3719 1667 3786 Foresinus
1736 3731 1799 3784 et
1855 3719 2114 3804 CiutuS,
2170 3720 2403 3786 fratres
2414 3772 2430 3805 ,
2503 3721 2622 3786 filji
2669 3720 2825 3785 olim
2871 3720 3028 3784 Neri
3075 3719 3306 3786 Bonici
3353 3720 3572 3807 populi

698 3837 908 3902 sancti
954 3836 1353 3922 ApulinariS,
1406 3869 1489 3880 -
1539 3835 1969 3900 uendiderunt
2033 3871 2107 3881 —-
2171 3838 2426 3902 comuni
2473 3836 2800 3902 Florentie
2849 3877 2931 3886 —
2979 3836 3301 3922 quandam
3354 3859 3574 3902 eorum

701 3947 1041 4035 domum³),
1092 3953 1370 4038 positam
1416 3952 1484 4017 in
1514 3951 1751 4038 populo
1784 3953 1992 4017 sancti
2025 3953 2424 4040 ApulinariS,
2476 3953 2571 4018 sic
2617 3953 3034 4018 confinatam:
3087 3973 3126 4014 a
3151 3947 3218 4035 l)
3268 3950 3390 4033 uia,
3441 3974 3480 4014 a
3505 3946 3572 4032 2)

702 4079 767 4133 et
814 4064 884 4152 3)
930 4067 1221 4132 comunis
1268 4066 1625 4151 Florentie,
1690 4063 1823 4151 a4)
1870 4067 2048 4133 Lotti
2093 4068 2353 4152 Jacobi,
2416 4091 2538 4154 que
2599 4079 2697 4134 est
2753 4068 2968 4155 posita
3019 4089 3217 4154 prope
3264 4066 3576 4152 palatium

706 4184 996 4249 comunis
1043 4183 1097 4248 F
1101 4183 1372 4248 lorentie
1421 4223 1504 4231 —
1557 4223 1639 4232 --
1687 4183 1833 4248 libr.
1884 4185 2017 4250 350
2060 4183 2102 4248 f.
2154 4208 2213 4269 p.

892 4359 932 4426 ¹)
972 4356 1065 4410 Ich
1101 4355 1370 4410 verzichte
1409 4355 1625 4426 darauf,
1674 4355 1815 4411 noch
1856 4357 2069 4411 weitere
2107 4355 2404 4411 Urkunden
2453 4357 2586 4410 fiber
2624 4353 2728 4409 den
2769 4357 2818 4410 3.
2847 4353 3071 4410 Cerchio
3111 4373 3175 4408 zu
3213 4354 3402 4427 geben.
3475 4353 3580 4408 Die

706 4446 1017 4518 Zahlungen
1056 4445 1141 4498 ssu·
1177 4444 1475 4499 denselben
1514 4446 1571 4499 in
1608 4445 1714 4500 den
1754 4445 2043 4518 folgenden
2084 4443 2286 4500 Jahren
2324 4444 2504 4499 finden
2546 4444 2660 4498 sich
2697 4444 2785 4498 bei
2826 4444 2995 4516 Gaye.
3067 4443 3180 4498 Fur
3217 4461 3315 4497 uns
3353 4443 3478 4496 kam
3517 4460 3574 4496 es

706 4533 1005 4590 besonders
1044 4532 1137 4586 auf
1170 4533 1258 4588 die
1296 4533 1543 4588 friiheren
1580 4533 1947 4589 Mauerkreise
1985 4554 2070 4590 an.

885 4623 928 4690 ²)
969 4621 1254 4676 Innerhalb
1298 4622 1476 4676 dieses
1516 4621 1865 4676 Abschnittes
1905 4622 2104 4676 wieder
2148 4622 2385 4676 kleinere
2431 4621 2690 4693 Gruppen
2747 4640 2851 4675 von
2904 4621 3202 4676 Urkunden
3257 4640 3322 4674 zu
3377 4619 3579 4688 bilden‚

708 4731 753 4766 z.
778 4711 844 4766 B.
883 4710 988 4764 alle
1011 4710 1307 4764 Urkundon
1346 4711 1481 4764 fiber
1507 4709 1614 4764 San
1639 4709 1886 4778 Romulo,
1926 4709 2060 4763 oder
2095 4709 2227 4762 iiber
2251 4708 2348 4764 Sta
2373 4709 2574 4763 Cecilia
2611 4717 2710 4765 cet.
2749 4727 3074 4778 zusammen,
3112 4727 3222 4763 war
3257 4707 3580 4781 unmoglich,

708 4799 826 4854 weil
864 4799 962 4853 der
996 4797 1171 4852 Inhalt
1208 4798 1375 4853 vieler
1395 4799 1740 4853 Dokumente
1778 4796 1891 4852 sich
1928 4799 2025 4851 auf
2054 4795 2436 4852 verschiedene
2462 4796 2844 4871 Gegenstande
2891 4816 2958 4851 zu
2982 4796 3216 4869 gleicher
3240 4797 3357 4852 Zeit
3393 4799 3581 4870 bezog.

707 4887 979 4942 Desshalb
1018 4887 1114 4940 bin
1150 4886 1237 4940 ich
1272 4886 1385 4940 rein
1426 4885 1836 4957 chronolog-isch
1877 4904 2271 4958 vorgegangen.
2343 4886 2461 4940 Nur
2497 4892 2680 4956 spater
2715 4885 2806 4940 bei
2844 4884 2948 4940 den
2985 4885 3282 4940 Urkunden
3319 4886 3455 4940 siber
3493 4885 3582 4939 die

712 4975 985 5030 definitive
1020 4974 1503 5046 Platzregulirung,
1539 4973 1837 5029 besonders
1878 4975 1966 5028 bei
2004 4974 2180 5028 denen
2221 4993 2315 5028 aus
2354 4974 2452 5028 der
2489 4974 2670 5045 Opera
2713 4974 2802 5029 del
2838 4974 3071 5043 Duom0,
3107 4973 3250 5028 habe
3283 4973 3388 5042 ich,
3428 4991 3584 5028 wenn

711 5063 825 5119 sich
865 5062 1219 5134 Gelegenheit
1255 5062 1393 5117 dazu
1428 5064 1554 5130 bot,
1590 5063 1812 5135 Einiges
1850 5071 2005 5117 unter
2043 5063 2188 5117 einer
2225 5062 2486 5118 Nummer
2520 5063 2798 5135 vereinigt,
2849 5081 2893 5118 z.
2919 5063 2985 5118 B.
3023 5062 3333 5135 Zahlungen
3371 5080 3438 5114 an
3477 5062 3583 5116 ein-

712 5151 863 5206 zelne
900 5151 1139 5220 Meister,
1179 5151 1265 5205 die
1303 5152 1397 5204 auf
1428 5150 1550 5205 dem
1592 5151 1777 5205 Platze
1814 5151 2126 5221 a-rbeiteten,
2165 5151 2299 5206 oder
2337 5151 2424 5205 die
2460 5151 2690 5205 Notizen
2725 5151 2861 5205 fiber
2899 5149 2994 5206 Sta
3031 5149 3232 5204 Cecilia
3266 5169 3316 5206 u.
3343 5169 3389 5204 a.
3417 5169 3486 5205 m.

890 5241 933 5312 ⁸)
976 5239 1061 5294 Ob
1101 5240 1217 5294 dies
1255 5239 1405 5294 Heus
1444 5258 1548 5295 von
1590 5240 1689 5294 der
1726 5239 1969 5294 Comune
2008 5241 2095 5296 fur
2145 5241 2228 5294 ein
2269 5239 2594 5313 Gesangnies
2653 5238 2944 5314 angekauft
2979 5238 3202 5294 worden
3259 5239 3374 5293 sein
3425 5239 3582 5310 mag?

3977 573 3984 1028 -———-.—.1b-
3982 493 3983 506 ⁴
