4009 5859
2114 435 2247 498 240

959 609 1398 696 Aghustino
1445 609 1771 692 Bartoli,
1823 610 1949 674 ciui
1999 621 2065 674 et
2110 611 2449 675 mercatori
2492 609 2545 673 F
2550 610 2838 694 lorentie,
2892 634 3005 697 pro
3053 625 3233 697 parte
3282 612 3619 677 solutionis

737 727 1013 792 florenos
1063 727 1194 790 300
1234 747 1349 810 pro
1407 725 1622 790 ualore
1676 761 1754 770 —-
1805 727 1994 791 unius
2044 736 2370 812 appotece,
2421 726 2489 790 in
2536 749 2663 812 qua
2709 728 3127 792 exercebatur
3174 751 3279 794 ars
3326 729 3619 794 farsetta-

737 843 976 906 riorum
1027 851 1146 906 cet.

961 958 1151 1022 Anno
1177 962 1374 1036 1389,
1407 959 1753 1022 indictione
1785 963 1892 1040 13,
1929 961 2031 1022 dic
2064 965 2105 1021 5
2136 961 2365 1022 mensis
2394 957 2681 1022 Octobris
2713 955 2988 1041 (Provis.
3022 959 3171 1024 filza
3205 961 3287 1026 79
3313 982 3373 1046 p.
3396 956 3617 1042 1988).

959 1072 1228 1138 Domini
1276 1073 1521 1160 priores
1571 1075 1802 1138 artium
1852 1083 1916 1138 et
1962 1073 2282 1140 uexillifer
2320 1075 2565 1140 iustitie
2610 1074 2828 1161 populi
2873 1086 2938 1139 et
2970 1076 3261 1140 comunis
3292 1075 3345 1139 F
3350 1075 3621 1140 lorentie

739 1188 1260 1254 deliberauerunt
1325 1189 1428 1254 die
1487 1190 1527 1253 5
1589 1191 1834 1254 mensis
1883 1185 2188 1255 Octobris
2240 1191 2431 1273 1389,
2481 1189 2835 1254 indictione
2888 1191 2989 1272 13,
3063 1190 3233 1276 quod
3283 1189 3511 1256 domus
3559 1201 3623 1255 et

737 1303 1118 1388 hedifitium,
1167 1305 1451 1391 positum
1499 1328 1692 1390 super
1737 1305 1950 1392 platea
1996 1302 2139 1370 Orti
2191 1307 2401 1372 sancti
2448 1305 2789 1371 Michaelis
2838 1305 2917 1370 de
2964 1305 3315 1390 Florentia,
3380 1307 3449 1370 in
3496 1329 3623 1392 qua

739 1444 852 1485 seu
900 1444 1024 1507 quo
1075 1431 1546 1486 consueuerunt
1591 1422 1967 1506 congregari
2028 1431 2092 1486 et
2138 1432 2609 1507 congregantur
2655 1421 2977 1508 capitanei
3034 1422 3363 1487 societatis
3412 1423 3619 1487 sancti

737 1537 1076 1603 Michaelis
1140 1538 1208 1601 in
1256 1533 1414 1602 Orto
1474 1559 1588 1623 pro
1647 1560 1866 1601 eorum
1921 1537 2125 1602 offitio
2174 1537 2552 1621 exercendo,
2626 1548 2691 1602 et
2759 1561 2883 1623 que
2930 1537 3166 1602 dicitur
3216 1537 3527 1602 confinari
3583 1560 3622 1601 a

735 1655 941 1740 primo
990 1653 1221 1740 platea,
1271 1677 1310 1718 a
1355 1653 1636 1719 secundo
1685 1663 1749 1718 et
1792 1654 1983 1718 tertio
2033 1653 2111 1718 de
2161 1650 2685 1736 CaualcantibuS,
2736 1676 2775 1718 a
2818 1663 3045 1739 quarto
3080 1654 3203 1736 uia,
3252 1677 3385 1718 non
3415 1653 3622 1739 possit

736 1794 856 1836 nec
904 1771 1136 1835 debeat
1181 1772 1251 1834 in
1297 1780 1504 1834 totum
1551 1793 1664 1834 seu
1711 1771 1781 1834 in
1827 1780 2078 1854 partem
2110 1770 2241 1836 ullo
2274 1770 2484 1854 mod0,
2537 1793 2731 1835 causa
2764 1770 2867 1834 uel
2898 1769 3123 1853 forma,
3174 1771 3371 1834 etiam
3402 1769 3619 1854 uigore

737 1887 1192 1971 cuiuscumque
1241 1885 1638 1950 auctoritatis
1684 1908 1800 1970 per
1845 1885 2214 1970 capitaneos
2262 1885 2435 1952 dicte
2482 1885 2799 1952 sotietatis
2848 1886 2951 1950 uel
2982 1886 3145 1951 alios
3178 1884 3391 1966 uendi,
3428 1885 3620 1948 alicui

737 2001 1004 2066 concedi
1052 2001 1156 2065 uel
1202 1999 1333 2064 ullo
1381 1999 1570 2066 modo
1619 2001 1886 2065 alienari
1935 2013 2000 2066 et
2047 2023 2160 2066 seu
2206 2002 2287 2066 ad
2335 2002 2533 2066 alium
2580 2026 2787 2086 usum,
2840 2025 3034 2088 quam
3080 2002 3165 2066 ad
3212 2023 3479 2088 presens
3512 2001 3615 2084 sit,

740 2117 1006 2183 concedi
1055 2117 1158 2182 uel
1207 2116 1517 2203 deputari,
1555 2157 1638 2166 —
1681 2151 1760 2161 —
1807 2117 1934 2182 nisi
1985 2117 2159 2181 dicta
2190 2117 2497 2202 uenditi0,
2548 2119 2871 2202 alienatio,
2926 2117 3257 2182 concessio
3290 2115 3395 2180 uel
3426 2115 3618 2202 depu-

737 2233 895 2297 tatio
942 2234 1142 2316 fieret,
1214 2232 1594 2318 precedente
1652 2243 1718 2296 et
1770 2233 1977 2318 primo
2035 2255 2227 2319 super
2282 2233 2384 2298 his
2432 2233 2602 2298 facta
2650 2234 3115 2300 deliberatione
3161 2257 3276 2319 per
3322 2232 3619 2296 dominos

739 2351 983 2436 priores
1033 2359 1098 2414 81
1142 2349 1576 2414 uexilliferum
1609 2350 1862 2434 justitie
1909 2349 2129 2435 populi
2178 2361 2242 2413 et
2288 2351 2578 2414 comunis
2626 2349 2951 2414 Florentie
3014 2372 3143 2414 11118
3201 2370 3347 2413 cum
3400 2345 3619 2434 gonsa-

743 2465 1004 2530 loneriis
1054 2466 1424 2530 sotietatum
1470 2465 1688 2550 populi
1736 2476 1802 2531 et
1853 2467 1933 2530 12
1978 2466 2168 2531 bonis
2226 2466 2383 2532 uiris
2440 2468 2731 2532 comunis
2778 2465 3068 2552 predicti,
3120 2487 3363 2548 omneS,
3441 2462 3619 2528 nullo

740 2584 1027 2665 absente,
1081 2590 1351 2646 uacante
1399 2582 1502 2646 uel
1550 2581 1960 2646 discordante
2012 2593 2131 2646 cet.

965 2699 1152 2763 Anno
1185 2704 1383 2780 1389,
1431 2699 1778 2762 indictione
1819 2703 1925 2776 13,
1977 2701 2081 2763 die
2121 2705 2206 2762 22
2256 2702 2481 2763 mensis
2519 2697 2809 2762 Octobris
2855 2694 2941 2781 (a.
2975 2721 3031 2762 a.
3068 2693 3147 2762 Ο.
3196 2720 3255 2782 p.
3293 2697 3423 2761 248
3438 2691 3559 2778 b).'

965 2814 1468 2882 Considerantes
1517 2813 1842 2899 magnifici
1891 2813 2136 2878 domini
2183 2815 2427 2900 priores
2476 2813 2711 2878 artium
2754 2823 2823 2876 ·et
2868 2811 3189 2878 uexillifer
3235 2812 3478 2876 iustitie
3510 2833 3619 2898 po-

629 2967 636 2974 ·
739 2935 874 3022 puli
924 2942 988 2997 et
1033 2931 1321 2997 comunis
1367 2930 1421 2995 F
1427 2930 1715 3013 lorentie,
1779 2930 2057 3014 qualiter
2104 2929 2183 2993 de
2231 2951 2451 2994 mense
2500 2925 2921 3014 SeptembriS,
2970 2928 3259 3013 proxime
3307 2927 3615 3014 preteriti,

738 3051 1018 3115 maxime
1064 3071 1178 3135 pro
1227 3055 1602 3112 ornamento
1651 3046 1932 3110 ciuitatis
1964 3045 2018 3109 F
2023 3045 2293 3111 lorentie
2341 3054 2405 3108 et
2434 3067 2549 3129 pro
2580 3044 2726 3108 aliis
2762 3044 2972 3108 causis
3004 3043 3263 3107 fuerunt
3295 3041 3617 3106 destructe

739 3166 1019 3231 maxime
1062 3166 1129 3228 in
1174 3173 1420 3250 partem
1463 3170 1634 3226 certe
1682 3160 1908 3226 domus
1942 3160 2337 3232 sotietatis
2371 3155 2541 3223 Orti
2578 3159 2825 3224 sancti
2858 3157 3272 3224 Michaelis
3307 3167 3382 3223 et
3410 3156 3618 3221 filio-

737 3306 898 3347 rum
945 3281 1124 3345 olim
1157 3277 1438 3343 domini
1471 3277 1812 3361 Amerigi
1848 3276 1934 3342 de
1968 3274 2581 3341 Caualcantibus
2616 3286 2681 3340 et
2712 3298 2825 3340 seu
2857 3276 3052 3340 etiam
3084 3275 3359 3338 aliorum
3389 3275 3456 3337 in
3491 3274 3615 3356 uia,

740 3421 854 3486 per
885 3420 1077 3483 quam
1125 3419 1163 3460 a
1201 3395 1308 3460 uia
1338 3393 1540 3459 Garbi
1574 3394 1701 3456 itur
1733 3392 1814 3456 ad
1845 3393 2126 3478 plateam
2159 3388 2305 3456 Orti
2338 3393 2545 3458 sancti
2577 3390 2939 3474 Michaelis,
2976 3414 3056 3455 ex
3088 3391 3287 3454 latere
3320 3390 3617 3470 sinistr03

739 3528 804 3579 et
849 3512 1021 3600 quod
1069 3512 1262 3576 etiam
1309 3511 1390 3574 ob
1439 3508 1940 3574 destructionem
1987 3510 2363 3596 predictam,
2417 3509 2569 3574 dum
2615 3511 2815 3592 fieret,
2868 3531 3061 3593 quam
3107 3507 3322 3593 plures
3356 3515 3619 3592 apotece

740 3653 818 3694 ex
866 3629 1065 3693 latere
1113 3627 1406 3713 opposito
1455 3635 1566 3690 aut
1610 3627 1678 3690 in
1726 3636 1928 3691 totum
1977 3627 2082 3690 uel
2130 3627 2196 3690 in
2243 3635 2493 3711 partem
2541 3625 2865 3690 destructe
2910 3625 3169 3689 fuerunt
3228 3633 3293 3688 et
3338 3622 3619 3687 maxime

740 3768 778 3808 a
822 3742 1148 3830 lapidibus
1195 3742 1516 3828 proiectis,
1590 3751 1654 3805 et
1700 3741 1852 3806 dum
1911 3741 2247 3826 cadebant,
2320 3751 2385 3806 et
2442 3740 2615 3827 quod
2677 3763 2757 3806 ex
2817 3740 3126 3827 predictis
3174 3749 3307 3804 tam
3354 3740 3619 3804 sotietas

740 3861 1031 3948 predicta
1075 3882 1268 3945 quam
1312 3856 1431 3921 filii
1480 3855 1722 3920 domini
1770 3856 2065 3942 Amerigi
2117 3880 2311 3942 quam
2357 3857 2467 3921 alii
2515 3857 2789 3921 multum
2837 3855 3211 3921 dannificati
3258 3853 3517 3920 fuerunt
3556 3864 3621 3918 et

739 3977 890 4041 inde
936 3975 1413 4041 multiformiter
1458 3973 1777 4058 recipiunt
1821 3972 2155 4054 lesionem,
2218 3995 2293 4036 ac
2348 3972 2542 4036 etiam
2590 3995 2783 4057 quam
2829 3972 3045 4059 plures
3095 3982 3160 4038 et
3205 3972 3421 4058 plures
3468 3970 3615 4035 arti-

740 4095 893 4158 fices
941 4103 1075 4158 tam
1119 4090 1476 4156 farsectarii
1527 4111 1719 4174 quam
1752 4087 2178 4173 piccicagnoli
2211 4096 2275 4151 et
2306 4087 2436 4170 alii,
2486 4089 2594 4173 qui
2632 4111 2853 4152 eorum
2885 4099 3054 4154 artes
3089 4087 3331 4152 ibidem
3364 4107 3616 4152 exerce-

739 4211 925 4293 bant,
999 4209 1186 4294 plura
1261 4206 1477 4270 danna
1533 4213 1942 4290 receperunt,
2004 4237 2087 4247 -—
2145 4202 2663 4268 deliberauerunt
2719 4203 2823 4268 die
2872 4205 2950 4268 21
3002 4205 3244 4268 mensis
3294 4201 3616 4284 OctobriS,

741 4325 914 4412 quod
963 4323 1259 4389 consules
1309 4322 1465 4386 artis
1497 4321 1680 4384 Lane
1713 4319 1994 4384 ciuitatis
2028 4317 2355 4383 Florentie
2404 4328 2467 4383 et
2513 4319 2790 4405 operarii
2831 4342 3020 4404 opere
3051 4318 3313 4382 maioris
3347 4317 3619 4382 ecclesie

739 4440 1112 4507 Florentine
1174 4477 1256 4486 ——
1315 4436 1592 4502 debeant
1638 4433 1790 4500 hinc
1837 4435 1920 4499 ad
1967 4458 2082 4521 per
2128 4444 2330 4499 totum
2378 4457 2665 4499 mensem
2710 4434 3066 4518 Februarii,
3118 4435 3407 4521 proxime
3454 4433 3618 4498 futu-

740 4581 900 4640 rum,
953 4591 1036 4600 κ-
1089 4554 1441 4636 declarare,
1504 4551 1661 4638 quid
1717 4561 1781 4615 et
1837 4560 2147 4636 quantum
2202 4550 2555 4616 secundum
2610 4573 2829 4614 eorum
2876 4550 3304 4616 conscientias
3352 4549 3623 4615 debetur

740 4682 875 4737 tam
943 4670 1228 4736 sotietati
1282 4666 1428 4733 Orti
1497 4667 1703 4733 sancti
1759 4665 2102 4731 Michaelis
2173 4689 2366 4752 quam
2434 4666 2587 4730 filiis
2658 4666 2814 4730 olim
2882 4666 3129 4731 domini
3186 4667 3478 4751 Amerigi
3535 4664 3615 4730 de

742 4785 1244 4854 Caualcantibus
1293 4809 1407 4851 seu
1454 4784 1618 4868 aliis,
1669 4783 1752 4849 ad
1801 4807 1960 4870 quos
2000 4784 2371 4870 pertineret,
2420 4805 2535 4870 pro
2569 4782 2878 4848 hedifitiis
2912 4791 2975 4847 et
3006 4782 3305 4848 domibus
3338 4781 3619 4846 destruc-

740 4905 825 4969 tis
885 4943 968 4953 -—
1025 4926 1100 4968 ac
1166 4925 1280 4989 pro
1338 4901 1598 4984 dannis‚
1659 4935 1744 4943 —
1804 4922 1927 4985 que
2002 4900 2319 4986 recipient
2386 4923 2501 4965 3811
2560 4901 2755 4964 etiam
2801 4909 3195 4985 receperunt,
3250 4937 3333 4947 —
3380 4897 3619 4962 habere

739 5021 1097 5106 pecuniam,
1147 5019 1307 5104 ipsis
1358 5016 1812 5081 declarandam
1859 5026 1924 5080 et
1968 5015 2431 5101 assignandam
2479 5027 2599 5080 cet.
2652 5049 2733 5059 -
2782 5015 2949 5079 Item
2996 5053 3079 5062 —
3128 5013 3407 5078 debeant
3451 5013 3621 5076 infra

741 5135 984 5200 dictum
1053 5144 1304 5220 tempus
1375 5132 1700 5198 declarare
1758 5131 2033 5196 formam
2080 5143 2143 5196 et
2190 5131 2566 5217 qualitatem
2612 5130 3076 5213 hedifitiorum,
3153 5151 3274 5215 que
3324 5129 3401 5192 de
3448 5150 3618 5193 nouo

739 5252 881 5317 fieri
928 5251 1240 5334 habeant,
1301 5249 1369 5313 in
1417 5249 1558 5314 loco
1607 5259 1670 5314 et
1716 5272 1830 5314 seu
1876 5257 2058 5334 parte
2105 5248 2228 5311 loci
2278 5247 2753 5311 destructorum
2800 5254 2864 5309 et
2911 5245 2989 5309 de
3036 5244 3377 5309 altitudine
3424 5243 3618 5308 etiam
