4009 5859
2114 415 2245 479 296
2360 505 2381 508 -

736 593 1008 676 bruarii,
1081 594 1373 680 proxime
1443 593 1723 676 uenturi,
1797 593 1962 658 bene
2020 603 2085 657 et
2142 591 2487 679 diligenter
2532 593 2909 658 laboratam.
2962 633 3045 645 -—-
3090 591 3181 658 Et
3226 616 3261 658 e
3308 616 3625 659 conuerso

737 708 1010 795 predicti
1056 709 1330 796 operarii
1381 745 1464 755 —
1513 719 1953 774 conuenerunt
2000 709 2173 776 dicto
2221 708 2497 794 Angelo‚
2552 709 2879 794 magistro,
2927 710 3264 796 recipienti
3311 720 3377 775 et
3420 703 3625 796 stipu-

738 825 930 910 lanti,
987 848 1057 891 se
1114 825 1376 892 daturos
1436 836 1500 890 et
1554 835 1950 912 prestaturos
2012 825 2223 890 eidem
2270 826 2578 911 magistro
2626 844 2851 891 omnes
2900 837 2965 891 et
3010 827 3301 914 singulos
3347 826 3621 913 lapideS,

739 951 918 1008 actos
967 942 1050 1009 ad
1094 943 1484 1008 laborerium
1522 942 1901 1029 predictum,
1951 942 2198 1029 positos
2232 943 2296 1007 in
2334 941 2505 1007 dicto
2538 943 2877 1027 laborerio,
2927 952 2991 1008 et
3020 942 3234 1009 facere
3264 943 3627 1028 sottigliare

741 1059 952 1125 eidem
1009 1061 1316 1146 magistro
1371 1060 1590 1124 omnia
1633 1070 1698 1125 et
1744 1060 2000 1150 singula
2043 1058 2457 1144 ferramenta,
2517 1060 2885 1125 necessaria
2930 1059 3103 1125 dicto
3148 1061 3457 1146 magistro
3502 1083 3625 1147 pro

743 1176 916 1242 dicto
987 1177 1306 1242 laborerio
1377 1175 1775 1242 conficiendo
1787 1229 1804 1260 ,
1878 1187 1942 1241 et
1990 1176 2203 1242 dictus
2250 1177 2559 1262 magister
2604 1177 2698 1240 nil
2744 1176 3009 1242 mictere
3057 1175 3137 1242 de
3186 1199 3301 1242 suo
3348 1185 3623 1260 tenetur,

741 1292 871 1358 nisi
927 1293 1136 1358 solum
1191 1304 1256 1359 et
1301 1293 1614 1360 duntaxat
1659 1317 1850 1359 omne
1895 1293 2339 1379 magisterium
2390 1293 2546 1358 dicti
2593 1293 2895 1359 laborerii
2944 1302 3063 1358 cet.
3118 1329 3200 1339 —
3249 1304 3314 1358 et
3358 1293 3512 1358 dare
3560 1303 3629 1358 et

745 1409 997 1476 soluere
1057 1433 1172 1498 pro
1221 1411 1426 1497 ipsius
1473 1409 1768 1476 mercede
1817 1420 1880 1475 et
1927 1410 2161 1475 salario
2208 1432 2323 1497 pro
2372 1410 2662 1498 quolibet
2706 1410 3010 1476 bracchio
3058 1409 3482 1512 longitudinis
3530 1410 3625 1496 ip-

743 1526 878 1593 sius
938 1526 1140 1593 libras
1191 1539 1322 1594 tres
1379 1537 1444 1592 et
1498 1527 1776 1593 solidum
1829 1551 2030 1592 unum
2076 1527 2119 1593 f.
2152 1551 2243 1614 p.,
2302 1527 2599 1593 faciendo
2658 1528 3043 1594 solutionem
3094 1527 3173 1594 de
3220 1537 3505 1614 tempore
3553 1527 3626 1592 in

747 1652 1003 1732 tempus
1051 1655 1170 1710 cet.

969 1830 1077 1898 47.
1149 1833 1347 1899 Dicta
1393 1835 1496 1898 die
1537 1837 1818 1922 presenti
1860 1830 1946 1918 (a.
1981 1857 2037 1900 a.
2074 1831 2151 1899 Ο.
2202 1858 2262 1921 p.
2292 1830 2437 1918 5b).

970 1968 1342 2034 Antoninus
1389 1967 1724 2034 Francisci
1787 1977 1850 2033 et
1894 1965 1921 2143 }
1967 1969 2296 2054 magistris
2343 1964 2468 2053 (sic
2497 1968 2600 2034 fiir
2633 1966 2684 2053 i)
2714 1970 2910 2034 etiam
2952 1967 3270 2054 scarpelli,
3320 1969 3627 2055 promise-

968 2083 1396 2150 ·Johannellus
1443 2084 1816 2168 Bonafedis,
1967 2095 2136 2167 runt,
2190 2120 2273 2129 -—
2320 2085 2491 2171 quod
2538 2087 2666 2172 ipsi
2711 2085 3005 2171 magistri
3052 2107 3201 2149 cum
3236 2107 3458 2150 eorum
3488 2107 3629 2170 per·

748 2199 926 2265 sonis
985 2209 1050 2265 et
1095 2199 1179 2266 ad
1224 2201 1438 2267 minus
1486 2223 1634 2266 cum
1681 2201 1931 2268 duobus
1980 2200 2126 2266 aliis
2172 2202 2502 2288 magistris
2549 2203 2617 2266 in
2667 2203 2955 2286 cornice,
3016 2200 3097 2266 de
3144 2223 3273 2288 qua
3316 2223 3513 2287 supra
3554 2202 3632 2266 fit

747 2317 1010 2401 menti0,
1062 2357 1145 2368 --
1194 2318 1582 2383 laborabunt
1628 2330 1692 2383 et
1738 2319 2135 2384 constituent
2180 2319 2410 2404 uiginti
2445 2319 2726 2405 quinque
2761 2318 3065 2404 bracchia
3094 2318 3370 2384 cornicis
3402 2317 3628 2404 prime,

750 2456 874 2519 que
943 2433 1024 2498 ad
1091 2457 1356 2520 presens
1428 2434 1620 2500 debet
1679 2437 1830 2522 poni
1889 2458 2081 2521 super
2139 2435 2449 2520 leggiam3
2524 2445 2589 2500 et
2634 2435 2873 2502 debent
2918 2436 3209 2502 laborare
3258 2469 3343 2480 —
3390 2434 3631 2500 dictam

658 2629 661 2632 ι
749 2550 1073 2614 cornicem
1118 2550 1201 2614 ad.
1247 2550 1407 2615 illud
1457 2551 1802 2638 exemplar,
1853 2551 2027 2636 quod
2074 2551 2230 2617 dicti
2277 2552 2553 2637 operarii
2586 2552 2877 2616 fecerunt
2906 2553 3049 2618 fieri
3077 2553 3145 2616 in
3179 2550 3355 2616 dicta
3381 2551 3630 2636 loggiar,

750 2677 814 2731 et
871 2666 1110 2732 debent
1163 2667 1316 2732 dare
1376 2666 1550 2732 dicta
1605 2668 1832 2753 uiginti
1893 2667 2177 2753 quinque
2232 2667 2537 2733 bracchia
2592 2667 2761 2733 dicte
2820 2669 3097 2734 cornicis
3141 2668 3436 2733 laborata
3477 2667 3634 2732 hinc

754 2783 838 2847 ad
893 2805 1006 2870 per
1053 2793 1254 2848 totam
1323 2783 1867 2870 quintadecimam
1936 2783 2110 2848 diem
2156 2785 2399 2850 mensis
2446 2783 2812 2868 Februarii,
2871 2785 3161 2872 proxime
3208 2784 3462 2850 uenturi
3510 2793 3631 2848 cet.

751 2894 896 2987 (pro
944 2900 1189 2966 eisdem
1237 2901 1714 2966 conditionibus
1762 2910 1827 2965 et
1872 2901 2079 2987 pretio
2130 2895 2193 2986 [3
2225 2901 2425 2967 libras
2475 2914 2540 2966 et
2588 2903 2621 2965 1
2659 2897 2987 2986 solidum],
3037 2913 3109 2966 ut
3154 2897 3395 2988 supra).

979 3085 1093 3153 48.
1168 3089 1297 3154 Die
1339 3113 1507 3154 nono
1553 3094 1784 3156 mensis
1827 3091 2142 3156 Januara·
2182 3085 2268 3174 (a.
2304 3113 2358 3154 a.
2397 3087 2475 3155 Ο.
2524 3113 2585 3176 p.
2621 3086 2759 3173 ὅτι).

979 3221 1035 3287 F
1037 3223 1412 3291 rancischus
1458 3223 1652 3311 Lapi,
1727 3224 2161 3309 legnaiuolus,
2234 3223 2455 3310 populi
2512 3223 2718 3288 sancti
2770 3272 2990 3288 .....
3008 3273 3025 3306 ,
3098 3221 3391 3287 uendidit
3442 3221 3635 3286 dictis

756 3340 1066 3425 operariis
1126 3381 1210 3389 —
1265 3341 1572 3406 bracchia
1637 3342 1815 3406 mille
1871 3351 2210 3406 sexcentos
2257 3334 2409 3423 (sic)
2456 3338 2744 3404 assidum
2816 3339 3128 3406 bonarum
3197 3340 3481 3404 castanei
3528 3338 3635 3404 uel

754 3457 968 3522 minus
1019 3457 1188 3523 dicte
1236 3459 1613 3544 quantitatis
1660 3458 1743 3522 ad
1792 3457 2257 3543 uolumptatem
2305 3457 2621 3521 dictorum
2666 3455 3103 3542 operariorum
3150 3495 3233 3506 —
3280 3478 3397 3542 pro
3428 3455 3635 3541 pretio

758 3573 1168 3638 denariorum
1215 3574 1447 3659 uiginti
1494 3597 1610 3640 sex
1653 3574 1696 3639 f.
1734 3598 1792 3661 p.
1843 3597 1956 3660 pro
2006 3574 2297 3660 quolibet
2340 3572 2643 3638 bracchio
2691 3571 2934 3659 quadro
2970 3571 3289 3637 dictarum
3327 3569 3633 3654 assidam,

758 3713 917 3776 quas
990 3688 1238 3754 assides
1309 3689 1635 3776 predictus
1706 3690 2004 3756 uenditor
2075 3690 2227 3755 dare
2286 3699 2351 3755 et
2393 3689 2561 3754 ferre
2606 3690 2905 3776 promisit
2954 3723 3035 3733 —-
3083 3689 3382 3754 omnibus
3428 3686 3635 3773 ipsius

760 3805 1114 3870 uenditoris
1173 3807 1532 3893 sumptibus
1589 3814 1654 3871 et
1710 3809 2011 3894 expensis
2072 3809 2141 3872 in
2201 3807 2373 3892 logia
2422 3840 2505 3850 —-
2552 3806 2621 3869 in
2666 3805 2884 3890 terris,
2943 3805 3095 3870 hinc
3140 3804 3224 3870 ad
3267 3827 3384 3891 per
3428 3813 3637 3868 totum

758 3945 1051 3988 mensem
1094 3921 1450 4006 Februarii,
1501 3924 1792 4010 proxime
1841 3933 2182 3988 uenturum
2231 3933 2351 3988 cet.
2401 3918 2665 4007 (Dach).

983 4039 1336 4105 Brunettus
1382 4039 1554 4105 Pieri
1604 4041 1686 4106 de
1729 4039 1936 4106 Ponte
1984 4037 2192 4124 Seuis,
2245 4041 2587 4105 comitatus
2634 4037 3022 4122 Florentini,
3072 4035 3369 4124 promisit
3414 4069 3497 4080 —-
3546 4035 3639 4099 fo-

761 4157 984 4223 derare
1031 4166 1096 4222 et
1142 4157 1499 4223 conducere
1547 4157 1630 4221 ad
1678 4157 2008 4222 ciuitatem
2040 4156 2094 4221 F
2097 4156 2366 4222 lorentie
2411 4157 2594 4221 iuxta
2638 4166 2889 4242 portam
2936 4155 3143 4220 sancti
3176 4151 3509 4218 Francisci
3558 4149 3639 4216 de

759 4273 1090 4340 Florentia
1134 4297 1360 4340 omnes
1407 4273 1672 4339 habetes
1721 4283 1786 4338 et
1829 4273 2173 4358 legnamen
2218 4271 2528 4338 habetum
2575 4280 2694 4336 cet.

983 4450 1099 4518 49.
1172 4453 1373 4519 Dicta
1419 4455 1522 4519 die
1565 4477 1737 4519 nona
1781 4457 2011 4518 mensis
2056 4453 2370 4517 Janua-m·
2412 4448 2496 4535 (a.
2532 4475 2589 4515 a.
2626 4447 2703 4516 Ο.
2738 4473 2799 4536 p.
2834 4447 2977 4534 6b).

983 4586 1187 4655 Cinus
1234 4589 1585 4674 Johannis‚
1635 4589 1944 4674 magister
1990 4586 2361 4675 scharpelli,
2411 4585 2738 4673 promisit,
2796 4618 2879 4628 —
2928 4583 3099 4668 quod
3145 4583 3285 4668 ipse
3332 4580 3643 4667 magister

762 4727 909 4770 cum
977 4728 1094 4770 sua
1161 4728 1440 4792 persona
1506 4707 1766 4793 propria
1809 4705 1878 4769 in
1923 4704 2251 4790 lapidibus
2296 4703 2588 4786 feminis,
2662 4725 2822 4787 quos
2871 4700 3024 4765 dicti
3074 4699 3350 4786 operarii
3394 4697 3645 4764 faciunt

761 4823 901 4887 fieri
948 4845 1064 4909 pro
1109 4821 1311 4908 logia,
1374 4863 1458 4871 —
1506 4821 1829 4887 laborabit
1875 4831 1939 4885 et
1982 4820 2180 4886 faciet
2224 4819 2457 4905 uiginti
2504 4818 2809 4885 bracchia
2856 4816 3173 4880 dictorum
3218 4813 3507 4900 lapidum
3553 4811 3641 4878 fe-

763 4939 1081 5003 minarum
1103 4935 1150 5020 ¹)
1205 4938 1287 5004 ad
1346 4939 1509 5004 illud
1555 4936 1815 5003 modum
1865 4947 1928 5002 et
1975 4937 2330 5024 exemplar,
2390 4936 2561 5022 quod
2609 4945 2707 5001 est
2752 4936 2820 4999 in
2868 4933 3042 4998 dicta
3086 4931 3284 5016 logia,
3344 4939 3409 4995 et
3453 4939 3646 5016 prout

763 5067 1028 5122 manent
1087 5057 1256 5122 dicte
1315 5055 1589 5143 lapides3
1652 5065 1716 5121 et
1771 5054 1966 5121 debet
2022 5054 2173 5119 dare
2232 5053 2409 5118 dicta
2468 5052 2701 5138 uiginti
2764 5049 3070 5115 bracchia
3130 5045 3419 5133 lapidum
3472 5045 3646 5110 facta

945 5285 986 5360 ¹)
1024 5281 1193 5337 Wohl
1231 5283 1682 5338 :feminearum
