4009 5859
1841 437 1968 502 149

461 614 619 677 mini
671 610 1433 697 MGCLXXXXVHH,
1506 613 1858 678 indictione
1906 611 2080 676 XIII
2145 609 2280 696 (dh.
2334 608 2559 697 1300),
2642 613 2720 678 de
2777 614 2982 701 ipsius
3044 616 3334 681 comunis

460 729 750 814 pecunia,
822 729 905 793 ad
974 729 1149 815 ipsos
1221 730 1605 794 camerarios
1676 738 1741 793 et
1796 751 2113 793 cameram
2172 727 2331 792 dicti
2389 730 2678 794 comunis
2747 730 3186 816 peruenienda
3255 753 3336 796 ex

461 844 718 928 gabella
763 854 827 909 et
873 867 987 930 pro
1034 841 1291 929 gabella
1338 853 1611 930 quatuor
1657 844 2067 909 denariorum
2113 867 2228 931 per
2273 844 2525 927 libram,
2585 867 2708 929 que
2756 845 2834 910 de
2882 847 3330 930 solutionibus,

462 982 586 1045 que
633 982 749 1046 per
796 961 1183 1025 camerarios
1231 962 1411 1042 fiunt,
1485 961 1801 1025 retinetur
1868 969 1932 1025 et
1998 961 2264 1024 retineri
2321 959 2514 1025 debet
2560 983 2674 1046 per
2718 961 2989 1026 formam
3038 961 3336 1026 ordinum

462 1076 1020 1156 canoniccatorum
1074 1098 1189 1161 pro
1248 1077 1501 1142 comuni
1571 1076 1887 1162 predicto,
1962 1098 2038 1140 ac
2109 1077 2302 1140 etiam
2372 1075 2450 1140 de
2506 1076 2762 1160 gabella
2809 1099 2922 1140 seu
2968 1076 3224 1141 redditu
3271 1087 3336 1142 et

460 1201 775 1276 prouentu
832 1191 1089 1276 pedagii
1156 1205 1513 1278 portarum,
1588 1191 1759 1277 quod
1830 1191 1911 1256 ad
1982 1192 2312 1256 incautum
2368 1190 2682 1256 uendetur
2739 1213 2915 1255 more
2972 1191 3162 1257 solito
3222 1215 3337 1279 per

464 1329 732 1372 comune
780 1307 1174 1391 iamdictam,
1249 1307 1617 1395 expendant
1686 1317 1749 1372 et
1817 1307 2077 1372 soluant
2131 1317 2196 1371 et
2242 1306 2605 1392 expendere
2653 1317 2718 1371 et
2764 1307 3013 1372 soluere
3061 1309 3330 1393 possint,

459 1432 800 1488 teneantur
845 1433 910 1488 et
957 1423 1236 1489 debeant
1281 1447 1486 1510 usque
1532 1423 1597 1488 in
1654 1425 2082 1510 quantitatem
2129 1431 2195 1488 et
2241 1445 2558 1488 summam
2604 1423 2916 1487 librarum
2964 1424 3140 1488 8000
3169 1424 3212 1488 f.
3247 1447 3330 1510 p.‚

460 1540 932 1626 particulariter
1000 1550 1065 1605 et
1132 1540 1255 1605 hoc
1309 1540 1500 1606 modo
1558 1540 1847 1626 predicta
1894 1539 1972 1605 de
2023 1563 2218 1605 causa
2261 1562 2376 1625 per
2420 1541 2597 1625 ipsos
2646 1540 3032 1605 camerarios
3082 1540 3333 1604 soluen-

461 1655 705 1740 darum,
779 1655 1244 1720 exibendarum
1314 1667 1379 1721 et
1448 1656 1988 1742 assignandarum
2055 1655 2387 1721 uidelicet:
2451 1655 2624 1740 quod
2692 1677 2916 1718 omnes
2975 1665 3040 1718 et
3095 1655 3334 1740 singuli

460 1769 657 1835 futuri
705 1772 1039 1836 camerarii
1089 1770 1245 1836 dicti
1295 1773 1604 1856 comuniS,
1656 1773 1768 1858 qui
1814 1772 1982 1837 infra
2027 1772 2388 1858 predictum
2427 1779 2681 1857 tempus
2715 1771 3030 1835 dictorum
3065 1770 3334 1835 duorum

462 1909 772 1951 annorum
818 1909 933 1973 pro
982 1888 1123 1973 ipso
1175 1888 1430 1952 comuni
1478 1888 1548 1951 in
1594 1887 1767 1952 dicto
1816 1886 2361 1972 camerlinghatus
2417 1885 2620 1950 offitio
2667 1885 3069 1971 prefuerunt,
3131 1894 3335 1951 totam

461 2002 817 2086 pecuniam,
868 2001 952 2066 ad
999 2025 1109 2067 eos
1157 2024 1271 2089 pro
1318 2002 1625 2067 iamdicto
1676 2003 1934 2066 comuni
1980 2001 2484 2087 perueniendam
2531 2024 2612 2066 ex
2657 2000 2931 2086 gabellis
2980 2023 3095 2065 seu
3126 2001 3330 2065 reddi·

461 2116 633 2181 tibus
703 2127 769 2182 et
834 2127 1213 2204 peruentam
1280 2117 1589 2203 predictis
1660 2126 1810 2182 ante
1881 2119 2128 2182 exitum
2175 2128 2240 2181 et
2285 2118 2482 2181 finem
2529 2139 2749 2181 eorum
2796 2116 3003 2199 offitii,
3055 2117 3332 2200 soluant,

461 2233 763 2297 exibeant
809 2243 875 2297 et
919 2233 1254 2317 assignent
1302 2243 1366 2298 et
1412 2234 1681 2317 soluere,
1746 2235 2004 2298 exibere
2053 2242 2116 2298 et
2161 2234 2494 2318 assignare
2541 2233 2810 2318 possint,
2885 2242 3228 2297 teneantur
3273 2242 3339 2297 et

462 2347 740 2413 debeant
808 2370 1010 2433 usque
1080 2349 1149 2412 in
1207 2349 1445 2415 dictam
1494 2350 1919 2434 quantitatem
1967 2361 2032 2414 et
2079 2372 2397 2414 summam
2444 2349 2754 2413 librarum
2801 2349 2979 2414 8000
3007 2347 3050 2412 f.
3085 2369 3147 2434 p.
3199 2345 3335 2411 offi-

461 2464 743 2546 tialibus,
796 2465 1105 2550 operariis
1153 2487 1267 2530 seu
1314 2466 1795 2550 superstitibus,
1868 2487 1983 2551 per
2030 2464 2324 2529 dominos
2381 2465 2626 2550 priores
2687 2464 2922 2528 artium
2977 2473 3041 2527 et
3085 2463 3334 2528 uexilli-

459 2579 661 2643 ferum
717 2579 975 2660 iustitie;
1020 2580 1241 2666 populi
1294 2579 1347 2644 F
1351 2580 1651 2645 lorentini
1701 2580 1922 2644 electis
1971 2603 2086 2645 seu
2134 2579 2449 2665 eligendis
2498 2579 2580 2643 ad
2610 2579 2825 2664 ipsum
2855 2599 3015 2664 opus
3047 2577 3335 2664 predicte

462 2695 730 2759 ecclesie
804 2717 920 2780 pro
995 2695 1139 2781 ipso
1221 2697 1477 2761 comuni
1554 2695 2024 2781 procurandum
2097 2703 2161 2760 et
2226 2695 2366 2759 fieri
2436 2693 2829 2776 faciendum3
2916 2728 2991 2737 —
3083 2717 3333 2758 uerum-

461 2819 677 2874 tamen
725 2810 782 2875 si
831 2809 909 2874 de
956 2809 1251 2896 gabelliS,
1300 2810 1660 2875 redditibus
1709 2819 1773 2874 et
1818 2811 2240 2896 prouentibus
2286 2810 2614 2896 predictiS,
2682 2818 2968 2894 tempore
3018 2809 3334 2873 dictorum

464 2924 732 2990 duorum
800 2947 1116 2990 annorum
1183 2925 1644 3011 percipiendis,
1719 2926 1972 3010 integra
2019 2926 2254 2991 solutio
2304 2926 2473 2989 dicte
2521 2946 2769 2990 summe
2818 2924 3157 3010 adimpleri
3202 2948 3330 2988 non

462 3049 697 3125 posset,
770 3050 1110 3126 propterea
1179 3040 1259 3105 de
1328 3041 1547 3126 aliqua
1614 3041 1743 3106 alia
1809 3042 2015 3126 ipsius
2075 3041 2367 3106 comunis
2424 3041 2701 3125 pecunia
2755 3039 3126 3104 nullomodo
3185 3061 3333 3125 sup-

462 3155 714 3242 pleatur
762 3166 881 3221 cet.
1568 3211 1579 3222 .

687 3273 821 3336 Am
870 3273 929 3337 9.
968 3269 1252 3337 October
1306 3273 1495 3354 1297,
1545 3272 1900 3337 indictione
1938 3274 2013 3336 11
2067 3267 2156 3356 (p.
2199 3272 2320 3336 161
2338 3265 2422 3355 a),
2475 3271 2808 3357 approbirt
2855 3270 2969 3335 das
3018 3269 3330 3355 consiglio

463 3387 761 3472 generale
811 3387 988 3454 diese
1044 3387 1408 3452 Provision.

682 3503 929 3568 Hierzu
972 3502 1199 3588 gehort
1246 3502 1348 3566 die
1397 3499 1733 3568 Consulte:

682 3620 874 3684 Anno
922 3625 1119 3698 1297,
1169 3620 1272 3682 die
1336 3619 1469 3684 VII
1504 3621 1732 3681 mensis
1784 3617 2072 3682 Octobris
2117 3613 2462 3700 (Consulte
2493 3618 2536 3681 4
2577 3640 2639 3702 p.
2687 3618 2884 3700 170b,
2935 3617 3116 3682 nicht
3158 3617 3330 3682 1293

460 3736 583 3800 wie
638 3734 872 3801 Guasti
926 3736 996 3799 in
1065 3735 1362 3818 ,Arnolfo
1412 3737 1445 3799 ὲ
1490 3735 1879 3798 l'architetto
1929 3733 1994 3797 di
2052 3729 2117 3798 S.
2151 3733 2363 3797 Maria
2409 3731 2513 3796 del
2559 3729 2774 3797 Fiore‘
2835 3731 3044 3798 falsch
3102 3733 3333 3798 druckt

464 3851 592 3915 und
639 3851 837 3916 daher
883 3875 962 3915 zu
1009 3851 1123 3915 der
1168 3851 1513 3916 Annahme
1562 3851 1737 3915 eines
1783 3851 2129 3914 Neubaues
2179 3849 2382 3914 schon
2427 3851 2518 3913 im
2563 3849 2764 3914 Jahre
2821 3850 2985 3914 1293
3033 3846 3328 3932 kommt).

680 3964 761 4031 In
810 3967 1079 4032 consilio
1127 3976 1384 4031 centum
1431 3967 1732 4031 uirorum.

680 4080 849 4146 Item
898 4105 1090 4168 super
1133 4083 1443 4168 petitione
1491 4090 1555 4146 et
1600 4082 1987 4168 prouisione,
2037 4081 2208 4146 facta
2254 4103 2449 4166 super
2480 4081 2768 4166 pecunia,
2806 4078 3228 4166 expendenda
3259 4081 3328 4143 in

462 4238 652 4301 opere
722 4215 993 4280 ecclesie
1048 4225 1271 4280 sancte
1324 4213 1644 4300 Reparate
1702 4237 1907 4300 usque
1964 4215 2032 4278 in
2081 4215 2508 4300 quantitatem
2554 4214 2865 4277 librarum
2917 4211 3056 4277 IIII
3096 4209 3329 4297 (4000)

460 4351 576 4416 per
619 4353 860 4394 annum
906 4353 1020 4416 pro
1070 4330 1320 4396 duobus
1367 4331 1573 4413 annis,
1622 4329 1958 4395 initiandis
2006 4331 2076 4395 in
2123 4329 2334 4394 medio
2377 4329 2618 4394 mensis
2659 4329 2997 4393 Februarii
3037 4328 3328 4414 proxime

460 4446 780 4511 uenientis
826 4443 992 4530 (also
1042 4447 1218 4512 8000
1257 4441 1468 4528 libre).

684 4559 941 4626 Placuit
989 4563 1091 4627 72.
1185 4563 1495 4628 Nolentes
1542 4563 1801 4626 fuerunt
1849 4565 1907 4626 1.

685 4672 960 4759 (Eodem
1008 4672 1162 4757 die.)
1228 4675 1308 4740 In
1358 4677 1628 4741 consilio
1677 4677 1933 4763 spetiali
1982 4675 2227 4742 domini
2277 4675 2598 4760 capitanei
2647 4681 2711 4736 et
2765 4670 3210 4758 capitudinum
3248 4671 3330 4735 12

461 4791 728 4855 artium:

682 4905 937 4969 Placuit
980 4907 1085 4971 55.
1176 4907 1489 4972 Nolentes
1534 4907 1794 4973 fuerunt
1840 4908 1899 4971 3.

682 5021 809 5084 Die
854 5027 915 5085 9.
956 5021 1220 5086 October
1263 5017 1353 5107 (p.
1393 5016 1619 5104 172a).

682 5132 764 5198 In
812 5137 1080 5201 consilio
1128 5137 1413 5222 generali
1462 5139 1781 5202 comunis:

683 5249 938 5314 Placuit
982 5251 1129 5316 290.
1222 5251 1535 5317 Nolentes
1582 5253 1643 5318 8.
