4009 5859
1992 394 2265 490 144—-

613 571 966 637 absolutus.
1070 571 1157 635 Et
1212 572 1267 636 si
1322 571 1689 636 huiusmodi
1762 607 1843 618 ——
1918 573 2282 636 subtractor
2336 582 2400 635 et
2459 571 2754 635 detentor
2799 571 2902 634 uel
2951 571 3115 637 alius
3163 573 3300 637 eius
3349 595 3488 636 suc-

612 710 832 752 cessor
898 696 1070 751 esset
1137 687 1459 772 impotens
1526 686 1608 751 ad
1676 687 2150 752 restitutionem
2218 688 2550 772 integram,
2625 687 2703 750 de
2750 687 3057 772 predictis
3105 686 3486 770 faciendam,

612 803 819 888 possit
876 803 1059 889 eique
1114 802 1309 867 liceat
1356 802 1434 866 de
1482 802 1788 888 predictis
1867 843 1949 850 —
2023 802 2412 867 concordare
2459 826 2574 889 pro
2623 805 2764 888 ipso
2813 825 3002 889 opere
3051 825 3198 866 cum
3246 803 3490 889 presbi-

613 919 766 982 teris
816 915 1008 984 Claro
1058 929 1122 982 et
1169 916 1488 1002 Guidone,
1540 917 1935 1004 cappellanis
1984 919 2152 982 dicte
2202 919 2472 984 ecclesie
2521 930 2639 983 cet.

838 1113 946 1180 23.
1019 1115 1209 1180 Anno
1247 1121 1441 1196 1296,
1488 1116 1832 1179 indictione
1878 1120 1943 1196 9,
1995 1116 2098 1178 die
2129 1121 2213 1178 23
2246 1119 2475 1179 mensis
2509 1115 2680 1180 Maii
2723 1111 3063 1198 (Consulte
3096 1114 3138 1178 4
3171 1137 3233 1201 p.
3265 1114 3386 1178 157
3405 1109 3488 1194 a).

835 1257 917 1322 In
965 1259 1235 1322 consilio
1284 1267 1541 1322 centum
1590 1259 1890 1322 uirorum.

835 1373 1001 1438 Item
1032 1396 1227 1460 super
1256 1374 1643 1461 prouisione,
1678 1372 1849 1438 facta
1880 1396 1994 1459 pro
2029 1395 2220 1459 opere
2254 1373 2522 1437 ecclesie
2556 1383 2776 1437 sancte
2807 1369 3037 1438 Crucis
3071 1394 3264 1458 super
3293 1393 3492 1456 quan·

613 1491 796 1554 titate
844 1490 1153 1554 librarum
1211 1490 1360 1573 200,
1410 1512 1526 1576 pro
1576 1490 1830 1554 comuni
1879 1488 2336 1554 soluendarum
2381 1488 2652 1575 singulis
2701 1488 2951 1553 duobus
2998 1487 3330 1553 mensibus
3376 1509 3493 1572 pro

613 1629 741 1671 uno
790 1629 979 1689 anno,
1028 1607 1283 1691 incepto
1329 1606 1399 1669 in
1432 1606 1644 1672 medio
1679 1629 1898 1671 mense
1929 1606 2183 1692 Aprilis
2214 1606 2506 1692 proxime
2540 1606 2858 1692 preteriti3
2908 1607 2976 1669 in
3019 1627 3270 1670 summa
3300 1604 3492 1668 libra-

614 1746 760 1787 rum
812 1723 987 1787 1200
1030 1721 1073 1786 f.
1108 1744 1170 1807 p.

837 1837 1004 1902 Item
1063 1860 1257 1924 super
1312 1838 1710 1924 prouisione,
1781 1838 1953 1902 facta
2009 1860 2200 1923 super
2245 1839 2603 1923 quantitate
2652 1838 2964 1903 librarum
3010 1838 3145 1904 400
3189 1859 3306 1923 pro
3367 1860 3493 1901 uno

613 1976 804 2037 ann0,
873 1954 1131 2038 incepto
1186 1953 1257 2018 in
1311 1953 1521 2018 medio
1581 1955 1822 2018 mensis
1870 1954 2121 2039 Aprilis
2168 1955 2460 2040 proxime
2508 1955 2817 2040 preteriti,
2869 1954 3324 2020 soluendarum
3372 1975 3489 2039 pro

618 2070 874 2135 comuni
944 2070 1216 2154 singulis
1287 2069 1539 2134 duobus
1610 2070 1943 2135 mensibus
2016 2071 2084 2134 in
2153 2092 2343 2156 opere
2401 2081 2623 2135 sancte
2679 2069 3030 2155 Reparate3
3106 2069 3176 2134 in
3243 2092 3496 2134 summa

616 2203 927 2269 librarum
971 2202 1041 2268 H
1072 2202 1211 2268 IIII
1258 2200 1492 2287 (2400)
1523 2203 1567 2268 f.
1602 2226 1663 2289 p.
1743 2203 1997 2268 Placuit
2046 2205 2132 2269 74
2181 2245 2263 2252 —
2311 2203 2623 2268 Nolentes
2671 2203 2846 2268 fuere
2899 2207 2955 2268 1.

841 2389 951 2456 24.
1048 2392 1240 2456 Anno
1299 2398 1475 2456 1296
1490 2443 1510 2473 ,
1566 2393 1908 2456 indictione
1954 2399 2019 2472 9,
2078 2395 2181 2457 die
2237 2401 2278 2456 5
2325 2397 2600 2457 intrante
2654 2415 2861 2457 mense
2913 2393 3120 2457 Junii.
3214 2389 3492 2476 (ProviS.

615 2510 765 2574 filza
811 2512 851 2574 6
900 2531 960 2595 p.
1000 2510 1160 2593 34b,
1213 2506 1398 2594 Gaye
1444 2508 1478 2571 I
1526 2531 1586 2594 p.
1622 2505 1805 2591 429.)

837 2651 1005 2715 Item
1052 2674 1245 2738 super
1289 2651 1703 2737 infrascripta
1747 2651 2077 2738 petitione,
2131 2653 2312 2717 cuius
2349 2662 2533 2716 tenor
2564 2653 2711 2717 talis
2746 2663 2845 2716 est
2876 2652 3207 2717 uidelicet:
3260 2648 3496 2717 Coram

618 2769 803 2832 uobis
837 2767 1115 2832 dominis
1148 2768 1471 2854 prioribus
1505 2769 1742 2833 artium
1774 2779 1838 2832 et
1870 2767 2230 2832 uexillifero
2261 2769 2504 2833 iustitie
2537 2768 2755 2855 populi
2782 2767 3160 2852 Florentini,
3196 2791 3356 2853 quos
3393 2767 3496 2831 de-

618 2895 717 2948 cet
749 2884 934 2949 offitii
984 2884 1202 2949 debito
1249 2884 1587 2970 prouidere
1621 2894 1685 2948 et
1714 2907 2056 2970 procurare
2091 2884 2386 2948 decorem
2419 2896 2484 2947 et
2514 2883 2823 2949 honorem
2857 2884 3137 2949 ciuitatis
3170 2883 3496 2947 Florentie

618 3011 681 3064 et
728 3001 1007 3065 maxime
1056 3001 1125 3064 in
1174 3023 1267 3083 eo,
1318 3000 1491 3086 quod
1539 3001 1839 3066 consistit
1887 3001 2058 3064 circa
2103 2998 2662 3064 honorificentiam
2717 3001 2978 3065 maioris
3035 3000 3306 3064 ecclesie
3352 2998 3405 3062 F
3409 3000 3496 3063 lo-

616 3117 887 3200 rentine,
938 3117 1282 3202 exponitur
1326 3138 1443 3201 pro
1489 3125 1670 3202 parte
1705 3115 2039 3181 consulum
2071 3114 2453 3180 Kallismale
2487 3125 2551 3178 et
2581 3116 3020 3202 oparariorum
3052 3138 3242 3202 opere
3275 3124 3496 3179 sancte

615 3231 955 3319 Reparate,
992 3231 1182 3316 quod,
1220 3254 1365 3296 cum
1396 3232 1611 3317 platea
1642 3232 1911 3296 ecclesie
1946 3233 2154 3296 sancti
2174 3230 2217 3295 J
2221 3231 2494 3296 ohannis
2529 3242 2592 3296 et
2623 3243 2845 3298 sancte
2868 3231 3189 3319 Reparate
3213 3231 3498 3318 predicte

618 3351 704 3413 sit
726 3359 866 3414 arta
891 3359 955 3412 et
976 3371 1175 3435 parue
1204 3348 1579 3434 capacitatis
1612 3348 1919 3434 gentium,
1948 3348 2042 3411 ita
2072 3347 2246 3433 quod
2278 3358 2500 3432 gentes
2533 3357 2838 3434 tempore,
2867 3371 2993 3433 quo
3025 3348 3498 3434 predicationes

616 3465 688 3527 in
736 3487 812 3528 ea
855 3466 1023 3528 fiunt
1070 3474 1201 3529 tam
1247 3486 1362 3550 per
1408 3464 1741 3528 dominum
1789 3464 2190 3550 episcopum,
2255 3486 2450 3548 quam
2495 3486 2609 3549 per
2656 3464 2817 3528 alios
2866 3465 3144 3551 prelatos
3194 3486 3306 3528 seu
3352 3463 3498 3527 reli-

618 3581 859 3666 giosos,
918 3591 983 3644 et
1038 3580 1295 3667 quando
1354 3579 1775 3644 festiui’tatum
1831 3579 2343 3664 sollempnitates
2391 3580 2635 3644 ibidem
2682 3589 2985 3665 aguntur,
3051 3579 3382 3644 commode
3431 3579 3499 3642 in

618 3719 696 3760 ea
741 3697 823 3760 ad
868 3696 1257 3761 audiendum
1304 3697 1575 3760 uerbum
1616 3695 1743 3760 Dei
1792 3695 2091 3761 collocari
2141 3707 2205 3759 et
2235 3697 2472 3760 morari
2505 3718 2638 3760 non
2669 3707 2959 3782 possunt,
3010 3695 3407 3782 supplicatur
3437 3705 3501 3759 et

619 3813 857 3899 petitur
912 3836 951 3877 a
1003 3813 1190 3877 uobis
1250 3822 1313 3876 et
1361 3823 1573 3878 uestro
1622 3811 1844 3895 offitio,
1906 3824 2222 3897 quatenus
2269 3812 2456 3876 uobis
2504 3812 2755 3899 placeat
2801 3813 3139 3898 prouidere
3187 3821 3250 3876 et
3288 3811 3499 3897 proui-

622 3930 779 4013 deri,
829 3930 1072 3994 firmari
1122 3939 1186 3994 et
1230 3931 1370 3994 fieri
1416 3930 1645 4013 facere,
1696 3928 1871 4015 quod
1916 3929 2092 3993 dicta
2135 3929 2350 4015 platea
2399 3930 2630 3994 debeat
2673 3929 2968 4016 ampliari
3016 3929 3137 3994 hoc
3181 3929 3372 3995 modo
3404 3929 3497 3994 ui-

621 4045 869 4127 delicet,
921 4044 1095 4130 quod
1141 4045 1466 4131 quoddam
1512 4045 1829 4131 hospitale
1878 4046 2087 4109 sancti
2134 4045 2477 4129 Johannis,
2529 4035 2702 4131 quod
2749 4057 2848 4112 est
2879 4047 3062 4111 iuxta
3093 4047 3332 4110 dictam
3367 4046 3497 4132 pla-

619 4171 806 4244 team,
856 4162 924 4225 in
973 4184 1099 4247 quo
1148 4161 1475 4226 modicum
1520 4161 1981 4247 hospitalitatis
2031 4172 2384 4245 exercetur,
2447 4162 2524 4225 de
2575 4163 2745 4226 dicto
2794 4163 2934 4227 loco
2983 4163 3247 4227 tollatur
3292 4171 3357 4226 et
3401 4185 3498 4226 re-

618 4287 969 4361 moueatur,
1021 4276 1193 4362 quod
1241 4277 1700 4341 conuenienter
1746 4287 1809 4340 et
1854 4277 2326 4342 rationabiliter
2369 4278 2512 4342 fieri
2568 4289 2798 4364 potest,
2873 4301 3015 4344 cum
3070 4279 3194 4343 hoc
3250 4279 3500 4342 dicatur

619 4416 762 4458 esse
810 4393 888 4456 de
946 4393 1353 4479 beneplacito
1403 4393 1648 4458 domini
1696 4393 1983 4479 episcopi
2030 4393 2084 4456 F
2087 4393 2392 4459 lorentini
2439 4405 2503 4459 et
2549 4395 2744 4459 totius
2781 4395 3092 4479 comunis,
3144 4404 3209 4459 et
3241 4395 3500 4458 demum

618 4519 967 4595 reponatur
1035 4519 1099 4573 et
1168 4518 1575 4574 construatur
1644 4519 1828 4574 extra
1896 4522 1959 4572 et
2013 4510 2196 4573 iuxta
2249 4521 2503 4596 portam
2561 4511 2662 4574 uie
2710 4534 2876 4576 noue
2923 4508 3383 4598 Spadariorum
3431 4511 3499 4574 in

618 4635 875 4690 terreno
944 4626 1263 4708 comuniS,
1338 4626 1511 4711 quod
1565 4625 1853 4690 nondum
1910 4637 2009 4690 est
2067 4626 2444 4712 alienatum,
2517 4628 2586 4690 in
2643 4650 2772 4712 quo
2830 4629 3054 4714 reponi
3104 4639 3168 4693 et
3215 4628 3499 4693 construi

621 4751 835 4826 potest
880 4751 944 4805 et
991 4741 1199 4826 debet,
1250 4741 1355 4805 uel
1398 4742 1470 4806 in
1518 4742 1644 4806 alio
1691 4742 1851 4825 locu,
1902 4743 1971 4807 in
2020 4765 2146 4830 quo
2195 4745 2540 4809 conuenire
2587 4743 2932 4828 uidebitur,
2985 4743 3066 4808 ad
3115 4745 3358 4810 dictum
3387 4743 3498 4806 ho-

623 4857 855 4943 spitale
898 4857 1284 4943 faciendum,
1335 4869 1399 4923 et
1430 4858 1571 4942 hoc,
1624 4881 1769 4924 cum
1799 4859 2003 4946 ipsius
2037 4861 2374 4948 hospitalis
2409 4863 2719 4947 protectio
2755 4861 2836 4926 ad
2870 4884 3138 4926 comune
3171 4861 3498 4926 Florentie

624 4975 941 5059 pertineat
986 4984 1052 5039 et
1096 4984 1358 5060 spectet.
1453 4974 1882 5039 Prouideatur
1926 4977 2124 5040 etiam
2170 4986 2233 5039 et
2277 4977 2583 5060 firmetur,
2633 4977 2807 5062 quod
2853 4977 3167 5063 homineS‚
3227 5001 3500 5064 quorum

624 5099 775 5154 sunt
842 5089 1090 5175 domuS‚
1163 5113 1287 5176 que
1355 5101 1601 5156 remoto
1674 5091 1845 5156 dicto
1914 5089 2220 5176 hospitali
2287 5113 2480 5178 super
2549 5093 2786 5157 dictam
2841 5093 3122 5178 plateam
3168 5093 3499 5159 habebunt

624 5213 973 5294 aspectum,
1024 5207 1489 5292 compellantur
1534 5232 1608 5273 eo
1656 5207 1847 5273 modo
1897 5217 1961 5271 et
2006 5207 2132 5291 uia,
2183 5207 2350 5272 sicut
2395 5208 2625 5273 melius
2657 5209 2800 5272 fieri
2829 5210 3084 5294 poterit,
3135 5209 3217 5273 ad
3249 5209 3498 5274 soluen-
