4009 5859
2101 429 2231 492 150

940 603 1054 668 29.
1122 605 1311 669 Anno
1339 611 1537 685 1298,
1585 605 1928 668 indictione
1952 609 2060 684 12,
2097 605 2198 668 die
2228 611 2314 667 26
2345 607 2622 668 intrante
2653 627 2858 668 meme
2885 603 3268 692 Septembris
3295 601 3591 687 (Archiv.

720 717 933 806 Capit.
968 745 1064 784 nr.
1102 722 1187 786 74
1234 745 1293 784 u.
1330 744 1424 784 nr.
1466 721 1612 784 167.
1692 717 1943 783 ProviS.
1980 720 2022 783 9
2069 739 2130 804 p.
2166 719 2326 802 84b‚
2377 718 2561 805 Gaye
2607 719 2642 783 I
2689 743 2749 806 p.
2777 717 2956 804 438).

939 888 1019 953 In
1065 889 1192 952 Dei
1238 889 1498 954 nomine
1546 910 1755 952 amen.
1848 889 2046 952 Anno
2095 911 2209 952 sue
2259 888 2588 953 salutifere
2636 889 3099 954 incarnationis
3151 891 3341 972 1298,
3391 889 3594 954 indic-

718 1006 893 1069 tione
942 1006 1042 1086 12,
1102 1004 1207 1068 die
1268 1005 1352 1069 26
1411 1005 1694 1068 intrante
1750 1027 1973 1068 mense
2037 1001 2457 1089 SeptembriS.
2575 1001 2937 1070 Consilium
2995 1015 3252 1069 centum
3311 1006 3596 1069 uirorum

718 1119 935 1204 populi
984 1117 1363 1183 Florentini.
1474 1119 1729 1184 Nobilis
1778 1120 1878 1182 uir
1934 1118 2232 1184 dominus
2281 1117 2446 1184 Octo
2495 1119 2575 1183 de
2621 1119 2950 1186 Vachanis
2999 1120 3079 1184 de
3127 1117 3373 1202 CumiS,
3425 1121 3594 1205 capi-

719 1245 945 1299 taneus
1010 1234 1231 1319 populi
1296 1243 1361 1298 et
1430 1235 1719 1299 comunis
1786 1245 1851 1298 et
1913 1233 2212 1299 defensor
2272 1235 2592 1298 artificum
2651 1244 2716 1298 et
2770 1236 3008 1299 artium
3062 1245 3128 1299 et
3183 1246 3596 1300 conseruator

720 1351 900 1435 pacis
950 1350 1232 1414 ciuitatis
1265 1349 1611 1434 Florentie,
1662 1372 1941 1436 precona
1987 1352 2448 1415 conuocatione
2497 1373 2826 1436 campane,
2877 1373 3003 1436 que
3051 1351 3266 1416 sonitu
3298 1352 3366 1415 in
3398 1351 3597 1415 eccle·

718 1467 815 1530 sia
883 1467 1091 1530 sancti
1158 1465 1336 1530 Petri
1383 1463 1719 1530 Scheradii
1780 1467 1936 1531 fecit
2000 1490 2176 1532 more
2247 1467 2436 1532 solito
2508 1467 2902 1550 congregari.
3012 1466 3093 1531 In
3149 1489 3274 1552 quo
3333 1465 3596 1552 quidem

719 1581 988 1646 consilio
1052 1593 1202 1645 ante
1260 1583 1478 1645 omnia
1530 1605 1645 1667 per
1702 1605 1805 1646 me
1860 1583 1935 1646 B.
1980 1578 2434 1668 (onsegnorem
2489 1582 2646 1646 olim
2700 1577 2989 1664 Guecci),
3067 1584 3388 1647 notarium
3447 1583 3593 1646 sub-

718 1697 1044 1782 scriptum,
1096 1697 1264 1760 lecta
1308 1697 1565 1760 fuerunt
1610 1697 2024 1783 infrascripta
2071 1698 2352 1783 capitula
2399 1707 2515 1762 cet.
2553 1708 2670 1762 cet.
2783 1695 3074 1778 Quarum
3131 1697 3392 1784 quidem
3451 1721 3594 1784 pro-

717 1811 1039 1876 uisionum
1085 1821 1271 1875 tenor
1316 1811 1465 1876 talis
1514 1821 1641 1876 est:

938 1926 1155 1991 Primo
1205 1926 1510 1993 uidelicet
1554 1928 1963 2014 infrascripta
1996 1927 2300 2013 prouisio,
2353 1938 2423 1992 ut
2455 1927 2698 1992 dictum
2731 1939 2847 2012 est,
2883 1928 3058 1993 edita
3093 1939 3156 1994 et
3187 1928 3375 2012 facta,
3413 1931 3593 1996 cuius

720 2042 981 2129 quidem
1026 2052 1211 2107 tenor
1257 2044 1407 2108 talis
1456 2055 1581 2109 est:

941 2158 1021 2222 In
1070 2155 1317 2224 Christi
1364 2161 1624 2224 nomine
1671 2182 1878 2225 amen.
1974 2157 2143 2226 Cum
2193 2159 2478 2224 dictante
2541 2159 2748 2233 forma
2795 2161 3057 2245 capituli
3107 2162 3440 2225 constituti
3496 2184 3596 2224 co-

718 2275 930 2339 munis
977 2274 1323 2357 Florentie,
1375 2276 1568 2361 positi
1618 2277 1736 2339 sub
1782 2276 2042 2340 rubrica
2085 2275 2190 2359 ,de
2235 2274 2608 2361 amplianda
2661 2276 2875 2360 platea
2925 2277 3092 2341 beati
3141 2273 3485 2340 Johannis‘
3532 2285 3598 2340 et

718 2391 947 2477 incipit
1001 2390 1107 2473 ‚ad
1154 2391 1464 2456 honorem
1511 2391 1971 2476 omnipotentis
2017 2389 2138 2456 Dei
2195 2401 2259 2455 et
2312 2391 2488 2455 beati
2539 2390 2862 2456 Johannis
2917 2391 3212 2477 Baptiste
3261 2388 3406 2457 cet.‘
3452 2415 3596 2476 pro-

722 2507 936 2571 uisum
968 2507 1161 2571 fuerit
1194 2517 1259 2571 et
1291 2507 1546 2570 effectui
1578 2506 1973 2587 mandatum,
2026 2506 2199 2591 quod
2230 2505 2550 2591 hospitale
2585 2508 2793 2570 sancti
2821 2505 2866 2570 J
2868 2506 3160 2590 ohannis,
3212 2507 3368 2572 olim
3399 2509 3596 2571 situm

718 2621 899 2686 iuxta
946 2621 1184 2686 dictam
1230 2622 1528 2707 plateam,
1580 2621 1906 2686 sublatum
1954 2633 2053 2686 est
2100 2621 2178 2686 de
2227 2621 2400 2686 dicto
2449 2622 2588 2685 loco
2632 2631 2696 2685 et
2741 2631 3060 2686 remotum
3100 2622 3361 2686 omnino
3419 2645 3595 2686 man-

722 2737 870 2801 dato
920 2739 1209 2802 comunis
1256 2737 1584 2802 Florentie
1635 2747 1699 2802 et
1743 2738 2060 2802 bonorum
2107 2759 2222 2802 sex
2273 2737 2557 2832 uirorum
2599 2759 2791 2822 super
2833 2735 3290 2822 recuperandis
3335 2739 3595 2802 et.rein-

718 2852 1056 2917 ueniendis
1115 2854 1304 2918 bonis
1361 2863 1425 2917 et
1479 2854 1726 2918 iuribus
1787 2853 2077 2917 comunis
2137 2852 2483 2934 Florentio,
2545 2851 2700 2916 olim
2755 2852 3128 2916 officialium
3173 2875 3289 2938 pro
3339 2853 3594 2916 comuni

719 2966 1035 3053 predicto3
1086 2981 1150 3032 et
1196 2991 1310 3053 per
1358 2967 1619 3033 eosdem
1667 2969 1976 3032 officiales
2027 2968 2354 3033 decretum
2403 2978 2466 3032 et
2512 2969 2839 3031 firmatum
2884 2968 3094 3051 fuerit,
3145 2967 3319 3053 quod
3351 2967 3593 3031 dictum

716 3083 1037 3169 hospitale
1085 3094 1148 3147 et
1194 3082 1423 3148 domus
1470 3082 1760 3150 eiusdem
1806 3083 2165 3169 hospitalis,
2224 3106 2348 3169 que
2396 3081 2624 3147 eodem
2678 3083 2868 3147 modo
2919 3082 3158 3148 debent
3203 3082 3342 3146 tolli
3389 3091 3454 3146 et
3498 3105 3594 3146 re-

718 3199 963 3265 moueri
1033 3198 1112 3263 de
1182 3199 1354 3264 dicto
1424 3200 1584 3282 1000,
1658 3199 2014 3265 secundum
2081 3199 2354 3263 formam
2413 3198 2571 3263 dicti
2629 3199 2892 3284 capituli
2945 3199 3467 3263 rehedifficentur
3531 3208 3595 3262 et

720 3326 1173 3380 construantur
1240 3315 1429 3379 modo
1487 3326 1552 3379 et
1603 3315 1813 3380 forma
1867 3313 2120 3379 decenti
2181 3315 2247 3379 in
2301 3325 2554 3379 terreno
2613 3324 2677 3378 et
2735 3337 2927 3400 super
2991 3324 3245 3378 terreno
3305 3313 3592 3378 comunis

718 3431 1063 3513 Florentie,
1123 3429 1297 3516 quod
1354 3440 1455 3495 est
1508 3454 1547 3495 a
1603 3441 1791 3516 porta
1843 3453 2030 3513 noua,
2090 3453 2215 3516 que
2272 3429 2351 3494 de
2411 3452 2578 3494 nouo
2625 3431 2702 3493 fit
2747 3431 2816 3494 in
2862 3431 3062 3495 muris
3110 3431 3402 3494 comunis
3449 3428 3594 3492 Flo-

718 3548 943 3630 rentie‚
995 3549 1223 3612 subtus
1271 3557 1523 3633 portam
1570 3547 1754 3611 Balle
1802 3557 1867 3611 et
1911 3548 2080 3610 inter
2134 3546 2374 3610 dictam
2428 3556 2682 3631 portam
2734 3568 2972 3609 nouam
3027 3557 3092 3609 et
3137 3555 3389 3632 portam
3437 3542 3594 3632 Spa-

723 3661 1072 3744 dariorum3
1125 3663 1305 3727 cuius
1362 3661 1485 3728 soli
1544 3672 1607 3726 et
1660 3662 1897 3726 terreni
1952 3671 2104 3725 sunt
2153 3663 2464 3750 confines:
2517 3685 2556 3725 a
2601 3661 2810 3746 primo
2859 3662 2967 3725 uia
3011 3661 3497 3743 Frenariorum3
3558 3685 3596 3725 a

722 3779 1005 3843 secundo
1064 3779 1186 3861 uia,
1248 3801 1373 3864 que
1430 3779 1571 3843 fieri
1628 3777 1820 3842 debet
1874 3799 1990 3862 per
2048 3774 2412 3862 Caffagium
2469 3775 2712 3841 domini
2777 3777 3063 3863 episcopi
3123 3777 3485 3842 Florentini
3531 3787 3597 3840 et

721 3895 996 3978 respirat
1042 3894 1128 3958 ad
1174 3895 1481 3959 maiorem
1530 3893 1871 3958 ecclesiam
1915 3892 1968 3957 F
1972 3893 2384 3975 lorentinam3
2447 3917 2486 3957 a
2539 3893 2728 3957 tertio
2776 3895 2883 3957 uia
2928 3889 3403 3978 Malborghecti
3450 3917 3596 3958 cum

718 4011 919 4073 muris
970 4010 1280 4093 ciuitatis3
1332 4034 1371 4074 a
1416 4019 1645 4094 quarto
1690 4008 1972 4072 filiorum
2020 4007 2175 4071 olim
2223 4008 2465 4080 domini
2519 4007 2686 4092 Lapi
2735 4005 2973 4073 Clerici
3021 4008 3100 4074 de
3147 4008 3588 4091 AdimaribuS,

720 4126 901 4188 cuius
949 4125 1186 4188 terreni
1233 4123 1564 4209 longitudo
1613 4133 1712 4188 est
1758 4121 2025 4187 brachia
2074 4124 2184 4205 74,
2241 4134 2304 4188 et
2351 4124 2488 4188 eius
2536 4123 2890 4208 amplitudo
2939 4147 3020 4187 ex
3065 4123 3265 4188 latere
3311 4123 3590 4187 filiorum

719 4240 875 4304 olim
923 4241 1164 4305 domini
1209 4241 1375 4325 Lapi
1423 4237 1696 4325 predicti
1743 4248 1843 4303 est
1890 4237 2156 4302 brachia
2202 4239 2304 4322 28,
2357 4247 2421 4302 et
2468 4261 2549 4302 ex
2595 4239 2794 4303 latere
2838 4237 3007 4303 dicte
3047 4239 3257 4302 future
3293 4239 3394 4302 uie
3426 4261 3593 4302 noue

722 4367 821 4420 est
868 4356 1003 4420 eius
1053 4354 1410 4439 amplitudo
1462 4353 1725 4419 brachia
1775 4353 1879 4437 19‚‘
1927 4377 2059 4418 non
2107 4365 2473 4440 computato
2521 4378 2701 4419 muro
2751 4355 2920 4419 dicte
2969 4354 3250 4418 ciuitatis
3299 4355 3369 4418 in
3401 4352 3592 4417 dictis

722 4469 1285 4555 amplitudinibus;
1358 4483 1423 4534 et
1480 4469 1767 4555 predicte
1813 4470 2156 4534 remotioni
2205 4469 2493 4534 eiusdem
2539 4468 2878 4554 hospitalis
2925 4471 3055 4535 iam
3101 4470 3286 4551 facte,
3359 4478 3424 4533 et
3469 4490 3594 4554 que

722 4586 800 4651 de
847 4586 1143 4650 domibus
1192 4586 1395 4670 ipsius
1442 4584 1782 4670 hospitalis
1830 4585 1973 4649 fieri
2012 4584 2222 4667 debet,
2272 4585 2589 4649 asenserit
2621 4585 3010 4650 uenerabilis
3043 4594 3242 4669 pater,
3294 4582 3592 4648 dominus

722 4701 1061 4788 episcopus
1108 4701 1549 4784 Florentinus‚
1612 4711 1683 4764 ut
1740 4699 1817 4765 de
1864 4703 2005 4786 ipso
2057 4723 2376 4765 consensu
2421 4699 2732 4784 scriptum
2790 4710 2889 4764 est
2945 4699 3202 4785 publice
3247 4723 3444 4763 manu
3491 4721 3594 4763 ser

720 4816 918 4881 Bindi
965 4817 1227 4880 notarii:
1282 4816 1523 4880 domini
1571 4817 1816 4901 priores
1875 4816 2108 4880 artium
2169 4826 2233 4880 et
2289 4815 2605 4880 uexillifer
2661 4816 2908 4879 iustitie
2963 4815 3183 4902 populi
3233 4814 3592 4880 Florentini

721 4932 941 5016 uigore
998 4953 1219 4995 eorum
1274 4930 1461 4995 offitii
1519 4941 1583 4995 et
1628 4932 2008 4996 auctoritate
2066 4941 2130 4995 et
2175 4930 2400 5013 bailia,
2450 4941 2736 5016 tempore
2783 4929 3264 5017 precedentium
3308 4931 3593 5017 priorum

723 5057 787 5110 et
844 5045 1188 5111 uexilliferi
1246 5070 1360 5132 per
1414 5058 1773 5132 opportuna
1833 5047 2104 5111 consilia
2169 5046 2389 5132 populi
2449 5056 2513 5110 et
2575 5046 2865 5110 comunis
2923 5045 3277 5128 Florentie‚
3337 5044 3591 5131 publice

723 5160 964 5245 scripta
1002 5183 1116 5247 per
1148 5185 1250 5226 ser
1278 5162 1766 5246 Bonsegnorem
1796 5161 2058 5246 Graecei,
2110 5163 2449 5244 notarium,
2494 5161 2811 5225 dictorum
2844 5161 3257 5224 consiliorum
3291 5161 3587 5243 scribam,
