4009 5859
2093 468 2222 532 120

700 647 1077 734 antiportis3
1128 657 1192 712 et
1237 647 1305 713 in
1353 648 1625 713 circuitu
1674 647 1972 712 ordinata
2019 657 2083 712 et
2122 648 2254 713 iam
2299 671 2416 734 pro
2464 671 2699 734 magna
2743 656 2925 732 parte
2959 646 3243 733 perfecta
3271 646 3591 711 latissima

698 765 905 849 fouea,
977 766 1059 830 ab
1116 765 1423 830 exteriori
1479 765 1675 829 etiam
1730 773 1911 850 parte
1962 787 2162 850 usque
2211 764 2292 828 ad
2340 765 2586 828 exitum
2632 773 2799 828 terre
2847 774 3099 830 murata
3165 774 3230 828 et
3275 765 3343 828 in
3389 763 3588 828 fundo

699 883 896 948 etiam
940 882 1288 966 lastricata,
1339 905 1462 968 que
1494 905 1609 968 pro
1644 890 1918 967 quatuor
1949 881 2028 946 de
2061 881 2343 968 quinque
2375 882 2666 968 partibus
2702 881 3142 968 implebuntur
3172 905 3357 968 aqua,
3405 891 3589 968 parte

700 1001 967 1086 reliqua,
1041 1000 1222 1064 cuius
1293 999 1455 1063 situs
1512 1006 1611 1062 est
1658 1008 2056 1081 montuosus-3,
2122 1021 2287 1084 aqua
2336 1009 2614 1065 carente.
2708 998 3014 1066 Flauium
3060 1002 3421 1087 quemdam,
3479 1001 3590 1087 qui

700 1117 924 1182 Arnus
974 1117 1235 1200 dicitur,
1294 1117 1529 1202 quique
1587 1137 1625 1179 a
1672 1137 1791 1178 sua
1836 1115 2086 1200 origine
2135 1138 2336 1201 usque
2384 1116 2452 1181 in
2499 1139 2676 1181 mare
2723 1141 2961 1183 nomen
3007 1142 3139 1183 non
3185 1128 3416 1201 mutat,
3475 1141 3590 1205 per

701 1233 999 1298 ciuitates
1049 1233 1354 1316 decurrit,
1415 1231 1597 1296 cuius
1645 1253 1811 1317 aqua
1858 1242 1957 1297 est
2003 1231 2194 1297 ualde
2241 1234 2492 1316 suauis,
2553 1257 2674 1320 que
2722 1257 2837 1320 per
2881 1245 3128 1300 meatus
3177 1247 3343 1300 terre
3389 1237 3588 1302 totius

706 1349 990 1415 ciuitatis
1039 1374 1107 1414 se
1153 1349 1511 1433 effundenS,
1563 1347 1674 1413 dat
1718 1348 2066 1436 unicuique
2113 1351 2480 1436 potenciam
2524 1351 2593 1415 in.
2643 1350 2832 1416 domo
2865 1352 3124 1438 propria
3155 1363 3416 1440 puteum
3447 1375 3586 1439 per-

699 1469 893 1532 ficere
908 1463 955 1550 ¹)
1014 1468 1253 1553 optime
1310 1491 1493 1554 aque.
1586 1463 1734 1529 Hoc
1782 1487 2036 1552 quoque
2081 1465 2350 1531 fluuium
2399 1445 2632 1553 aquam
2678 1489 2971 1552 suauem,
3031 1469 3141 1534 ubi
3189 1469 3407 1534 suauis
3455 1468 3587 1532 exi-

702 1583 890 1670 gitur,
943 1593 1006 1649 et
1050 1585 1229 1649 riuus
1276 1578 1502 1665 alius⁹)
1548 1582 1731 1647 iuxta
1762 1593 2008 1668 partem
2045 1582 2242 1648 aliam
2273 1583 2555 1649 ciuitatis
2589 1607 2824 1670 aquam
2853 1585 3132 1671 rigidam
3162 1585 3243 1651 ad
3275 1584 3587 1650 lauandas

702 1709 766 1765 et
811 1699 1239 1786 extergendas
1298 1700 1483 1766 lanas
1532 1711 1597 1765 et
1642 1699 1772 1764 alia
1816 1697 2184 1764 necessaria
2228 1723 2361 1765 non
2406 1701 2782 1788 impetuose,
2835 1701 2947 1767 sed
2997 1702 3403 1768 abundanter
3447 1723 3588 1787 pro-

704 1815 963 1881 ducunt.
1056 1815 1201 1881 Hec
1262 1817 1491 1880 ciuitas
1541 1815 1726 1902 quasi
1773 1825 1911 1880 tota
1955 1816 2150 1902 plena
2194 1815 2454 1903 palatiis
2503 1817 2581 1881 de
2629 1819 2873 1904 optimo
2921 1818 3136 1906 lapide
3185 1840 3260 1882 ac
3307 1839 3587 1882 commu-

702 1932 895 1997 nibus
945 1942 1007 1996 et
1053 1932 1464 1998 inferioribus
1514 1932 1832 1997 domibus,
1928 1931 2107 1996 Inter
2155 1955 2276 2018 que
2327 1933 2694 2020 specialiter
2743 1944 2894 1998 sunt
2925 1933 3050 1998 duo
3082 1956 3318 2019 magna
3347 1932 3590 2019 palatia

702 2047 1181 2113 Presidentium
1239 2048 1514 2132 ciuitati3
1586 2049 1655 2113 in
1713 2072 1839 2113 uno
1900 2071 2172 2134 quorum
2219 2059 2392 2113 stant.
2439 2050 2685 2135 priores
2735 2050 2969 2114 artium
3017 2059 3081 2114 et
3130 2049 3450 2114 uexillifer
3486 2052 3586 2133 ju-

705 2164 881 2228 stitie
935 2165 1157 2250 populi
1202 2163 1583 2248 morentini,
1656 2165 1766 2250 qui
1826 2163 1904 2228 de
1963 2163 2213 2230 duobus
2262 2166 2594 2230 mensibus
2654 2166 2724 2229 in
2774 2165 3024 2231 duobus
3072 2166 3406 2230 mensibus
3451 2188 3584 2230 mu-

702 2289 923 2345 tantur
976 2289 1040 2344 et
1093 2281 1442 2366 primatum
1496 2281 1793 2346 obtinent
1838 2303 1953 2367 pro
2011 2281 2299 2363 comuni3
2357 2282 2426 2345 in
2475 2281 2675 2346 altero
2723 2290 3040 2366 potestas3
3112 2290 3176 2344 et
3222 2281 3290 2345 in
3337 2281 3587 2346 duobus

703 2394 848 2460 aliis
882 2395 1242 2460 minoribus
1276 2392 1670 2482 Capitaneus
1712 2396 1934 2482 populi
1968 2406 2034 2460 et
2065 2392 2432 2479 executor³)
2464 2395 3057 2461 ordinamentorum
3080 2397 3334 2481 justitie
3367 2395 3586 2482 populi

702 2511 1059 2575 memorati.
1156 2508 1393 2576 Officia
1458 2512 1845 2599 principalia
1914 2513 2196 2576 ciuitatis
2255 2536 2370 2598 per
2427 2513 2701 2578 maiores
2757 2511 2978 2598 populi
3037 2514 3478 2598 gubernantur
3523 2521 3590 2576 et

701 2627 983 2690 maxime
1052 2626 1297 2691 dictum
1342 2627 1628 2692 officium
1684 2627 2016 2693 Prioratus
2076 2637 2139 2692 et
2197 2627 2483 2692 officium
2529 2627 2870 2692 duodecim
2915 2629 3232 2693 bonorum
3283 2628 3583 2711 uirorum,

704 2764 849 2806 cum
904 2743 1137 2828 quibus
1185 2742 1443 2808 Priores
1492 2754 1640 2808 ante
1689 2743 2079 2827 deliberant,
2152 2766 2273 2830 que
2331 2766 2446 2829 per
2493 2743 2766 2808 consilia
2814 2741 3094 2808 debeant
3139 2742 3452 2825 ordinari3
3525 2752 3590 2806 et

703 2857 1231 2943 uexilliferorum,
1282 2861 1391 2945 qui
1438 2883 1553 2945 per
1601 2859 1890 2924 diuersas
1939 2860 2223 2924 ciuitatis
2273 2871 2486 2946 partes
2533 2859 2847 2924 habentes
2895 2859 3091 2923 etiam
3137 2853 3264 2923 sub'
3307 2882 3375 2923 se
3417 2856 3586 2944 quis-

705 2995 826 3060 que
882 2972 1325 3040 Pennonerios
1397 2974 1556 3040 duos
1616 2975 1700 3040 ad
1756 2975 2011 3040 facilius
2069 2975 2502 3061 colligendum
2573 2999 2896 3039 rumorum
2945 2984 3232 3060 tempore
3281 2972 3588 3060 populum

704 3099 769 3154 et
814 3089 1159 3175 aliquando
1206 3115 1321 3178 pro
1368 3091 1589 3157 fauore
1636 3115 1711 3157 ac
1760 3093 2140 3156 executione
2180 3092 2433 3177 justitie
2482 3091 2887 3177 deputantur.
2982 3085 3148 3153 Sunt
3193 3099 3257 3153 et
3301 3088 3431 3153 alia
3474 3087 3584 3152 tri-

702 3205 969 3270 bunalia
1015 3206 1196 3270 uaria
1237 3205 1595 3272 Consulum
1640 3189 2077 3294 cuiuscunque
2123 3208 2283 3273 artis
2331 3216 2395 3271 et
2440 3208 2720 3272 maxime
2768 3205 2934 3288 lane,
2986 3228 3108 3291 que
3156 3227 3260 3269 ars
3301 3205 3587 3269 maxima

706 3329 805 3386 est
861 3321 930 3385 in
985 3331 1157 3386 terra
1200 3323 1272 3386 in
1320 3323 1593 3389 diuersis
1642 3325 1934 3410 partibus
1983 3325 2286 3406 ciuitatis,
2362 3347 2484 3410 que
2532 3325 2632 3387 ius
2682 3322 2905 3386 dicunt
2949 3320 3371 3384 communiter
3416 3320 3586 3384 inter

705 3459 886 3520 suOS,
958 3437 1171 3502 causis
1230 3439 1583 3505 maioribus
1643 3440 1906 3505 officiali
1963 3439 2350 3526 generaliori
2405 3439 2755 3504 mercantie
2811 3459 2887 3501 ac
2932 3437 3129 3501 etiam
3172 3436 3475 3522 potestati
3521 3445 3586 3498 et

707 3553 1043 3638 capitaneo
1089 3557 1454 3620 reseruatiS.
1527 3555 1615 3620 Et
1667 3555 1961 3621 officialis
2017 3556 2377 3620 mercanzie
2426 3554 2710 3640 prefatus
2757 3553 2926 3616 inter
2965 3552 3142 3616 ciues
3189 3561 3254 3615 et
3296 3550 3584 3615 forenses

705 3668 806 3733 ius
854 3667 1028 3732 dicit.
1122 3669 1245 3734 Est
1287 3670 1553 3756 insuper
1603 3671 1673 3736 in
1720 3695 1797 3735 ea
1842 3671 2038 3735 iudex
2086 3670 2590 3756 appellationum
2640 3677 2703 3734 et
2749 3666 3074 3733 scindicus
3123 3666 3478 3731 communis
3521 3675 3585 3730 et

708 3781 1125 3868 gabellarum,
1201 3787 1396 3850 etiam
1464 3811 1580 3873 per
1648 3810 1717 3853 se
1776 3787 1971 3851 iudex
2021 3795 2085 3851 et
2132 3787 2297 3852 alius
2343 3787 2662 3852 bonorum
2707 3783 3044 3849 rebellium
3091 3792 3155 3847 et
3201 3779 3583 3845 condemna-

705 3907 919 3964 torum
966 3923 1040 3964 ac
1088 3902 1481 3966 cessantium
1528 3926 1566 3968 a
1609 3903 1999 3968 factionibus
2049 3903 2432 3986 communis,
2493 3925 2614 3966 nec
2660 3924 2793 3965 non
2841 3908 2905 3964 et
2950 3897 3114 3962 alius
3164 3895 3246 3961 ad
3291 3895 3584 3960 reuiden-

709 4013 861 4079 dum
930 4026 995 4080 et
1062 4016 1466 4083 retinendum
1534 4019 1678 4083 iura
1734 4018 2111 4083 communis.
2205 4016 2337 4097 Qui
2395 4041 2618 4083 omnes
2668 4014 3022 4082 secundum
3069 4036 3137 4078 se
3185 4035 3261 4077 ac
3305 4012 3583 4077 necessi-

708 4140 906 4196 tatem
953 4133 1055 4197 sui
1101 4133 1299 4198 officii
1344 4134 1590 4199 habent
1632 4135 1912 4200 familias
1961 4145 2025 4199 et
2074 4131 2416 4222 Stipendia
2461 4157 2500 4198 a
2547 4131 2886 4198 communi.

931 4245 1137 4312 Tenet
1189 4249 1309 4313 hec
1366 4250 1596 4314 ciuitas
1644 4249 1841 4316 etiam
1892 4252 2072 4338 pacis
2119 4261 2406 4338 tempore
2451 4273 2567 4336 pro
2616 4250 2716 4314 sui
2762 4247 2964 4313 tutela
3009 4256 3073 4311 et
3119 4268 3235 4332 pro
3283 4245 3582 4311 subueni-

706 4362 874 4428 endo
925 4365 1157 4430 uicinis
1204 4366 1451 4450 amicis,
1503 4365 1655 4432 dum
1701 4367 1981 4454 expedit,
2031 4379 2094 4433 et
2140 4392 2257 4456 pro
2307 4376 2662 4433 castrorum
2708 4373 2774 4428 et
2817 4363 3106 4428 locorum
3152 4361 3446 4427 custodia
3492 4359 3582 4425 di-

2352 4453 2389 4485 u

706 4519 1039 4562 uersorum
1084 4499 1261 4564 mille
1307 4499 1555 4618 milite?¹
1594 4501 1884 4619 forenffes
1932 4511 1996 4566 et
2028 4501 2278 4587 pedites
2325 4500 2412 4566 X.
2493 4499 2808 4586 Tempore
2851 4507 3065 4562 autem
3105 4517 3332 4582 guerre
3367 4496 3582 4582 sepius

707 4629 1162 4716 stipendiarios
1210 4632 1439 4698 habuit
1480 4633 1585 4698 III
1634 4644 1698 4699 et
1740 4633 1860 4700 IV.
1952 4633 2034 4698 In
2084 4619 2342 4699 ciuitate
2392 4643 2544 4699 sunt
2590 4632 2792 4716 ciues,
2856 4631 2966 4717 qui
3021 4631 3218 4694 etiam
3264 4627 3440 4693 nullo
3486 4650 3582 4692 re-

886 4857 927 4924 ¹)
982 4857 1083 4911 Bei
1136 4857 1539 4914 Baluze—Mansi
1576 4862 1817 4932 puteium
1872 4861 2156 4932 perficer03
2214 4861 2393 4933 Bongi
2429 4865 2652 4932 puteum
2689 4821 2967 4930 prdsidere
3004 4859 3153 4926 (sic);
3207 4855 3478 4912 vielleicht
3513 4856 3585 4910 ist

706 4943 992 5015 possidere
1028 4935 1127 5000 das
1166 4946 1412 5020 Richtige
1448 4948 1559 5003 und
1599 4949 1687 5004 die
1724 4950 2090 5005 Abbreviatur
2125 4949 2438 5006 undeutlich
2477 4948 2610 5004 oder
2645 4947 2816 5003 falech
2857 4947 3137 5019 ausgelost.

884 5035 927 5103 ²)
966 5035 1134 5090 Wohl
1172 5036 1271 5090 der
1305 5037 1738 5110 Mugnonebach.

883 5124 927 5192 ⁸)
966 5123 1051 5178 Ob
1093 5124 1181 5180 die
1204 5125 1590 5181 verschiedene
1616 5127 2014 5199 orthographie
2037 5129 2106 5196 (z.
2127 5129 2192 5183 B.
2223 5145 2502 5183 commune
2527 5127 2640 5182 und
2665 5143 2908 5194 comune,
2947 5122 3203 5180 Wechsel
3226 5140 3333 5176 von
3359 5139 3582 5192 grossen

708 5212 819 5266 und
856 5213 1071 5267 kleinen
1108 5214 1691 5286 Ansangsbuchstaben
1729 5218 1852 5285 cet.)
1891 5217 1963 5270 im
1991 5216 2268 5288 Originale
2304 5216 2418 5271 sich
2456 5216 2713 5284 befindet,
2751 5215 2910 5269 weiss
2949 5212 3035 5268 ich
3073 5211 3235 5277 nicht,
3273 5208 3488 5264 mochte
3525 5225 3582 5261 cs

708 5303 839 5359 aber
866 5301 1203 5364 ,bezweiselxu
1276 5301 1420 5357 Herr
1452 5304 1631 5379 Bongi
1665 5303 1758 5360 hat
1794 5303 1969 5360 nichts
2010 5303 2244 5360 darfiber
2279 5305 2542 5360 bemerkt.
