4009 5859
2109 405 2235 468 174

726 583 930 646 rentie
997 582 1461 646 reinuenienda
1528 591 1594 646 et
1658 582 2099 667 recuperanda
2143 604 2257 667 pro
2306 582 2446 666 ipso
2497 582 2752 645 comuni
2801 583 3043 667 positos
3095 583 3197 645 uel
3243 582 3594 668 ponendOS‚

728 737 809 744 —-
881 697 1258 761 auctoritate
1328 707 1393 760 et
1460 697 1679 781 uigore
1748 696 2022 761 alicuius
2092 697 2352 761 lieentie
2401 707 2464 761 et
2523 697 2736 780 bailie,
2787 720 2904 783 per
2951 699 3224 763 consilia
3267 699 3487 785 populi
3535 709 3599 764 et

727 812 1017 877 comunis
1062 812 1117 877 F
1120 813 1389 876 lorentie
1438 847 1521 856 —-
1570 812 1816 876 eisdem
1863 812 2238 877 offitialibus
2289 849 2372 857 —
2420 812 2726 878 attribute
2773 815 2877 878 uel
2925 836 3248 898 concesse,
3323 849 3406 858 —
3467 838 3596 878 non

726 929 933 1014 possit
977 950 1099 992 nec
1146 928 1379 993 debeat
1423 928 1561 992 fieri
1609 928 1828 1014 aliqua
1873 927 2203 992 uendictio
2250 951 2364 994 seu
2410 929 2715 994 alienatio
2764 929 2842 993 de
2891 930 3091 994 muris
3138 931 3464 995 ueteribus
3512 930 3596 993 ci-

730 1043 975 1126 uitatis,
1051 1044 1253 1107 donec
1302 1042 1607 1107 iamdicta
1654 1044 1882 1108 ciuitas
1938 1045 2124 1108 nouis
2173 1045 2392 1126 muriS‚
2444 1046 2573 1109 iam
2622 1047 2910 1131 inceptiS,
2961 1055 3256 1132 reparata
3299 1045 3492 1109 fuerit
3537 1054 3600 1109 et

726 1158 1009 1222 totaliter
1076 1169 1459 1242 restaurata3
1532 1169 1597 1223 et
1642 1159 1698 1222 si
1747 1169 1971 1224 contra
2017 1161 2228 1242 fieret,
2289 1159 2612 1225 uendictio
2662 1184 2776 1225 seu
2821 1161 3124 1225 alienatio
3175 1196 3257 1205 -—
3305 1185 3438 1225 non
3491 1184 3597 1224 ua-

728 1274 871 1356 leat,
925 1310 1008 1319 -
1057 1283 1122 1338 et
1167 1297 1387 1338 emens
1435 1297 1549 1338 seu
1596 1276 1935 1360 acquirens
1984 1276 2240 1340 amittat
2283 1277 2577 1361 pretium,
2630 1276 2800 1362 quod
2847 1276 2929 1340 ad
2970 1299 3239 1341 comune
3271 1277 3600 1341 Florentie

726 1392 1061 1476 perueniat
1129 1401 1193 1456 et
1260 1393 1579 1476 pertineat
1645 1391 1837 1476 pleno
1909 1392 2074 1466 iurez,
2147 1401 2212 1455 et
2279 1391 2449 1477 quod
2505 1393 2574 1456 in
2627 1391 2933 1478 predictis
2994 1402 3058 1455 et
3119 1415 3234 1478 pro
3292 1391 3601 1477 predictis

729 1506 915 1571 nouis
964 1508 1184 1590 muriS,
1234 1508 1421 1570 nouis
1468 1507 1801 1589 faciendi8‚
1854 1517 1917 1571 et
1963 1530 2184 1571 eorum
2239 1509 2713 1572 constructione
2768 1508 2847 1572 de
2901 1518 3110 1573 cetero
3142 1508 3415 1594 singulis
3450 1507 3603 1572 duo-

726 1623 846 1686 bus
893 1623 1243 1706 mensibuS,
1296 1623 1499 1687 donec
1544 1623 1831 1708 ipsorum
1878 1647 2205 1688 murorum
2251 1624 2643 1688 constructio
2699 1624 2872 1688 facta
2915 1624 3107 1689 fuerit
3153 1633 3216 1688 et
3261 1625 3598 1708 completa,

729 1739 807 1803 de
853 1739 1059 1824 ipsius
1110 1740 1399 1804 comunis
1446 1738 1722 1825 pecunia
1767 1739 2213 1824 expendantur
2259 1750 2323 1803 et
2369 1749 2825 1804 conuertantur
2871 1741 3035 1804 libre
3087 1741 3259 1804 1000
3289 1739 3331 1803 f.
3365 1761 3426 1824 p.
3479 1747 3598 1802 eet.

903 1854 1087 1919 Dazu
1156 1854 1384 1940 gehort
1452 1853 1621 1920 wohl
1669 1854 1772 1918 die
1820 1851 2132 1920 Consulto
2179 1855 2334 1919 aber
2381 1865 2514 1919 erst
2557 1877 2708 1920 vom
2754 1863 2814 1918 8.
2853 1856 2996 1919 Mai
3041 1861 3207 1919 1301
3259 1851 3602 1938 (Consulte

724 1969 875 2034 filza
919 1973 960 2034 5
1008 1992 1069 2057 p.
1106 1966 1252 2052 6b).
2314 2055 2325 2060 -

950 2087 1030 2150 In
1100 2087 1361 2150 consilio
1420 2099 1693 2150 centum:
1772 2087 1947 2152 1000
1992 2086 2175 2170 libre,
2225 2086 2649 2172 expendende
2699 2087 2764 2150 in
2812 2087 3012 2150 muris
3060 2086 3248 2150 nouis
3295 2087 3597 2169 ciuitatiS,

727 2202 1015 2287 quolibet
1058 2197 1208 2284 (sic)
1256 2203 1505 2267 duobus
1562 2203 1895 2267 mensibus
1952 2203 2021 2265 in
2068 2203 2342 2266 termino
2390 2201 2659 2267 duorum
2705 2225 3037 2284 annorum,
3086 2203 3486 2287 inceptorum
3533 2203 3601 2264 in

729 2316 1052 2382 kallendis
1098 2319 1340 2383 mensis
1388 2317 1566 2401 Maii,
1616 2319 1903 2404 proxime
1952 2319 2256 2403 preteriti,
2308 2319 2660 2384 secundum
2705 2319 3138 2404 prouisionem
3175 2319 3487 2405 priorum3
3537 2326 3604 2381 et

727 2434 898 2517 quod
945 2433 1203 2497 interim
1247 2457 1379 2498 non
1425 2435 1632 2519 possit
1674 2436 1815 2500 fieri
1863 2435 2083 2520 aliqua
2127 2436 2428 2500 alienatio
2461 2436 2564 2500 uel
2600 2435 2920 2501 uendictio
2953 2458 3280 2500 murorum
3313 2446 3600 2499 ueterum

726 2571 840 2634 per
886 2549 1135 2634 aliquos
1183 2549 1492 2615 officiales
1542 2552 1832 2615 comunis
1864 2550 2192 2615 Florentie
2239 2574 2354 2637 per
2398 2551 2682 2636 aliquam
2728 2551 3011 2633 bailiam,
3063 2573 3255 2636 quam
3289 2549 3602 2615 haberent

727 2687 767 2727 a
813 2665 1068 2728 comuni
1136 2663 1243 2728 uel
1287 2665 1524 2751 populo
1580 2665 1973 2749 Florentin0‚
2047 2690 2171 2753 quo
2221 2689 2421 2753 usque
2473 2667 2772 2752 completi
2818 2666 3057 2730 fuerint
3099 2667 3264 2730 muri
3313 2667 3466 2730 noui
3513 2667 3598 2730 ei-

728 2779 969 2844 uitatis.

945 2973 1068 3040 60.
1163 2978 1354 3042 Anno
1416 2984 1610 3057 1301,
1676 2980 2021 3043 indictione
2077 2986 2192 3060 14,
2263 2957 2365 3042 di'e
2435 2986 2524 3042 27
2569 2979 2741 3042 Julii
2792 2974 3104 3063 (Capitoli
3153 2977 3242 3040 44
3295 2998 3356 3061 p.
3393 2976 3594 3057 242a‚

724 3090 909 3177 Gaye
956 3091 990 3156 I
1036 3115 1095 3178 p.
1132 3090 1311 3175 447).

947 3244 1173 3308 Pierus
1221 3253 1285 3308 et
1330 3245 1696 3329 Bartholus,
1747 3245 1995 3330 fratres,
2046 3246 2163 3310 filii
2212 3245 2534 3331 quondam
2570 3242 2939 3310 Grandonis
2970 3240 3352 3308 Stamaiuoli
3400 3265 3596 3328 quon-

725 3359 873 3424 dam
907 3357 1147 3444 Chiari,
1200 3361 1417 3446 populi
1466 3363 1669 3426 sancti
1703 3361 2036 3426 Laurentii
2087 3361 2164 3426 de
2196 3361 2542 3444 Florentia,
2596 3397 2679 3406 —
2730 3359 3158 3424 uendiderunt
3204 3393 3286 3402 --
3338 3357 3595 3422 domino

723 3474 901 3538 fratri
951 3475 1319 3558 Tholome0‚
1369 3478 1565 3563 priori
1612 3477 1883 3542 fratrum
1929 3489 1993 3542 et
2040 3478 2300 3564 capituli
2350 3487 2414 3541 et
2447 3487 2799 3542 conuentus
2835 3477 3103 3540 ecclesie
3137 3483 3357 3541 sancte
3387 3474 3596 3538 Marie

726 3590 999 3655 Nouelle
1045 3591 1289 3657 ordinis
1322 3590 1824 3677 Predicatorum,
1876 3633 1959 3642 —
2010 3617 2202 3657 unam
2252 3593 2512 3658 domum
2557 3616 2702 3657 cum
2740 3601 2976 3657 terrato
3010 3603 3074 3656 et
3105 3592 3282 3657 curia
3311 3601 3376 3655 et
3405 3601 3596 3677 puteo

726 3716 790 3770 et
835 3717 994 3788 orto,
1044 3708 1321 3792 positam
1369 3709 1435 3771 in
1484 3709 1719 3794 populo
1768 3717 1988 3772 sancte
2019 3708 2225 3774 Marie
2255 3709 2546 3792 Nouelle,
2598 3709 2812 3773 taliter
2844 3709 3258 3774 confinatam:
3310 3703 3436 3791 al)
3469 3708 3592 3790 uia,

726 3820 857 3902 a2)
890 3832 954 3886 et
988 3817 1056 3903 3)
1088 3824 1303 3909 platea
1348 3847 1518 3888 noua
1565 3825 1877 3888 dictorum
1926 3823 2213 3908 fratrum,
2263 3821 2382 3906 a4)
2429 3824 2656 3889 domus
2691 3825 2998 3889 heredum
3027 3825 3300 3890 Bencini
3351 3860 3433 3868 --
3482 3847 3595 3910 pro

728 3938 911 4003 libris
958 3939 1091 4003 500
1136 3939 1179 4002 f.
1212 3961 1274 4025 p.

947 4133 1056 4198 61.
1151 4137 1340 4200 Anno
1390 4143 1586 4216 1302,
1636 4137 1979 4201 indictione
2027 4144 2135 4216 15,
2183 4140 2285 4201 die
2330 4145 2412 4201 14
2452 4140 2616 4201 Maii
2660 4135 3060 4220 (Bullettone
3107 4159 3168 4221 p.
3197 4137 3290 4200 ’28
3309 4130 3390 4217 a).

946 4283 1241 4366 Qualiter
1296 4285 1509 4351 Maius
1580 4287 1824 4352 Ristori
1894 4289 2114 4373 populi
2186 4289 2393 4353 sancti
2439 4285 2827 4352 Michahelis
2875 4285 3446 4350 Vicedominorum
3514 4283 3594 4346 de

722 4401 1055 4466 Florentia
1120 4402 1512 4484 recognouit,
1586 4401 1757 4487 quod
1812 4403 2091 4489 quedam
2148 4403 2392 4485 domm,
2469 4403 2681 4488 posita
2725 4403 2794 4465 in
2841 4403 2965 4483 uia,
3038 4423 3162 4485 que
3210 4401 3443 4464 dieitur
3490 4401 3596 4464 uia

724 4526 943 4580 sancte
990 4515 1215 4598 Mai-ie,
1266 4527 1450 4581 extra
1497 4541 1710 4582 muros
1760 4528 2009 4583 ueteres
2045 4529 2108 4582 et
2139 4519 2309 4582 intra
2340 4517 2852 4602 designationem
2885 4539 3211 4581 murorum
3258 4538 3590 4596 nouorum,

722 4632 1003 4717 pertinet
1049 4630 1131 4695 ad
1179 4632 1619 4717 episcopatum
1666 4644 1730 4696 et
1776 4656 1919 4698 eam
1964 4629 2292 4719 perinde¹)
2355 4632 2686 4697 dimictere
2734 4631 2812 4695 ad
2864 4632 3260 4695 uoluntatem
3309 4630 3595 4715 episcopi

724 4745 779 4810 F
785 4745 1104 4829 lorentini,
1154 4757 1226 4810 ut
1274 4747 1339 4812 in
1386 4747 1879 4812 imbreuiatione
1927 4747 2172 4812 domini
2218 4748 2552 4813 Francisci
2600 4747 2678 4811 de
2724 4746 3083 4812 Barberino
3143 4747 3396 4832 plenius
3445 4768 3594 4810 eon-

725 4862 967 4926 tinetur
1014 4863 1133 4926 sub
1188 4864 1376 4944 1302,
1426 4863 1782 4928 indictione
1840 4865 1934 4948 15,
1988 4863 2091 4929 die
2142 4866 2226 4929 14
2269 4863 2449 4929 Maii.

901 5116 945 5184 ¹)
984 5115 1089 5168 Die
1126 5115 1297 5186 Copie
1334 5114 1430 5169 hat
1464 5116 1725 5187 permisit.

3987 2705 3992 2800 u*
3977 2407 3992 2690 ᾼ.--,-..-.Α“Δ
3987 2207 3992 2320 ψ
3989 2111 3992 2174 *mn
