4009 5859
1796 401 1927 465 255

641 581 710 646 6.
759 581 840 647 In
871 581 998 646 Dei
1033 583 1292 646 nomine
1325 603 1534 644 amen.
1595 581 1788 643 Anno
1823 579 2111 643 eiusdem
2142 602 2181 641 a
2210 579 2548 642 na’tiuitate
2584 585 2779 659 1374,
2813 581 3156 644 indictione
3185 588 3291 663 12,

417 701 521 763 die
565 707 653 762 25
700 702 930 762 mensis
963 698 1149 776 Maii,
1200 697 1614 782 pontific-atus
1663 735 1746 743 -
1783 693 2087 779 Gregorii
2130 693 2233 758 XI
2280 717 2447 758 anno
2495 695 2558 759 4.
2638 691 2905 759 Certum
2951 719 3091 760 esse
3140 696 3295 760 dici-

417 823 538 897 tur,
590 813 760 900 quod
807 815 874 878 in
922 835 1092 877 anno
1139 811 1406 876 Domini
1455 812 1536 875 ab
1585 811 1722 876 eius
1770 809 2216 874 incarnatione
2268 806 2576 892 1373(4),
2626 809 2979 876 indictione
3032 813 3139 895 12,
3192 811 3295 876 die

419 931 504 996 22
553 913 794 994 mensis
841 927 1176 993 Februarii
1225 927 1710 1010 Aldobrandus,
1759 927 1933 991 filius
1983 914 2309 1012 quondam
2356 925 2683 990 Ricciardi
2732 925 2811 991 de
2869 927 3292 1012 BaroncelliS‚

420 1046 638 1133 populi
686 1046 892 1110 sancti
939 1044 1118 1109 Petri
1165 1023 1501 1108 Scheradii
1551 1043 1628 1107 de
1675 1042 2024 1124 Florentia,
2076 1051 2139 1106 et
2183 1041 2492 1124 Michael,
2547 1041 2721 1107 filius
2768 1041 3094 1128 quondam
3141 1043 3297 1107 dicti

419 1160 746 1226 Ricciardi
795 1161 873 1225 de
921 1160 1111 1224 dictis
1159 1159 1580 1242 BaroncelliS,
1631 1193 1715 1202 —
1765 1159 2199 1223 uendiderunt
2248 1193 2331 1202 —-
2380 1181 2575 1222 unam
2623 1158 2885 1224 domum
2931 1181 3076 1224 cum
3122 1161 3299 1225 uolta

421 1277 648 1342 subtus
693 1286 948 1360 terram,
999 1275 1173 1362 logia
1218 1283 1283 1339 et
1327 1274 1577 1360 palchis
1626 1283 1689 1338 et
1734 1284 1903 1339 tecto
1953 1283 2017 1338 et
2060 1273 2205 1338 aliis
2239 1275 2450 1357 rebuS,
2502 1274 2682 1338 cuius
2716 1273 2942 1340 domus
2974 1284 3299 1342 terrenum

421 1402 520 1458 est
586 1415 702 1479 per
769 1391 1240 1477 longitudinem
1287 1391 1369 1456 27
1419 1389 1862 1474 brachiorum,
1935 1390 2216 1476 positam
2263 1389 2587 1456 Florentie
2657 1390 2724 1453 in
2793 1392 3029 1476 populo
3074 1392 3297 1467 ‘sancti

420 1508 594 1576 Petri
644 1505 978 1572 Scheradii
1037 1507 1115 1571 de
1163 1505 1496 1570 Florentia
1549 1507 1618 1570 in
1675 1506 1807 1589 uia,
1878 1528 2000 1591 que
2049 1514 2316 1570 uocatur
2361 1504 2470 1568 uia
2515 1504 2593 1568 de
2640 1503 3114 1570 Vacohereccia
3157 1501 3294 1590 (D),

422 1625 655 1710 quibus
703 1624 1004 1688 omnibus
1053 1647 1092 1688 a
1120 1619 1186 1705 1)
1217 1623 1326 1687 uia
1356 1623 1435 1687 de
1467 1619 1943 1686 Vaccherecoia
1975 1623 2113 1686 siue
2144 1622 2360 1707 platea
2391 1619 2796 1686 dominorum
2827 1621 3114 1708 priorum
3144 1619 3295 1707 (D);

422 1739 556 1822 a2)
602 1741 757 1805 olim
828 1739 1072 1812 domini
1143 1738 1324 1806 Gerii
1395 1748 1459 1802 et
1526 1737 1717 1802 hodie
1790 1737 1946 1803 dicti
2018 1738 2309 1802 comunis
2367 1736 2691 1803 Florentio
2746 1734 2890 1822 (5);
2964 1735 3095 1822 a3)
3143 1738 3299 1804 dicti

420 1847 742 1922 Joh'annis
811 1855 1140 1920 Ricciardi
1209 1854 1286 1920 de
1356 1853 1760 1920 Baroncellis
1819 1849 2000 1938 (ssb)3
2075 1877 2114 1918 a
2137 1850 2208 1936 4)
2268 1853 2561 1918 chiassus
2610 1850 2729 1939 (Q)
2788 1889 2867 1900 —-
2917 1879 3032 1941 pro
3091 1857 3297 1942 pretio

420 1973 808 2037 florenorum
857 1974 1030 2038 1700
1077 1971 1214 2035 auri
1264 1980 1383 2036 cet.
2060 1993 2065 2000 ·

645 2085 862 2172 (Wird
909 2082 1252 2171 ratifizirt.)
1341 2085 1485 2152 Auf
1524 2086 1638 2150 der
1681 2085 2033 2150 Rfickseite
2082 2085 2195 2151 des
2242 2085 2588 2171 gefalteten
2635 2088 2885 2153 Blattes
2934 2089 3131 2154 steht:
3192 2089 3298 2154 In·

424 2214 852 2270 strumentum
897 2204 1364 2287 ratificationis,
1415 2203 1583 2268 facte
1631 2225 1746 2289 per
1775 2202 2143 2267 ‚Iohannem
2192 2225 2385 2290 super
2430 2203 2803 2269 uenditione
2852 2204 3099 2288 domus,
3148 2228 3300 2270 uen-

425 2312 556 2386 dite
603 2321 928 2408 prioribus
975 2329 1039 2384 et
1085 2320 1376 2406 collegiis
1426 2319 1718 2384 comunis
1765 2318 1818 2382 F
1823 2319 2114 2383 lorentie.
2166 2353 2249 2363 -—
2298 2316 2607 2405 (Capitoli
2654 2321 2805 2384 filza
2837 2321 2922 2386 42
2969 2344 3030 2408 p.
3068 2318 3303 2405 3221).)

647 2433 734 2502 So
781 2438 901 2502 wie
951 2436 1127 2502 diese
1161 2434 1782 2502 Verkaufsurkunde
1828 2443 2061 2520 mogen
2108 2435 2277 2500 noch
2324 2429 2559 2500 ander'e
2606 2435 2904 2502 ahnliche
2951 2437 3305 2524 aufgesetzt

425 2553 688 2628 worden
736 2555 906 2638 sein,
958 2553 1061 2618 die
1109 2553 1264 2618 aber
1309 2551 1502 2616 theils
1548 2551 1843 2616 verloren
1889 2573 2244 2637 gegangen‚
2293 2551 2485 2616 theils
2532 2552 2701 2617 noch
2748 2552 2930 2617 nicht
2976 2554 3301 2640 aufgefun·

426 2671 550 2736 den
597 2670 860 2735 worden
909 2669 1087 2754 sind3
1135 2694 1188 2734 z.
1225 2669 1300 2734 B.
1354 2669 1510 2733 fiber
1557 2667 1672 2732 das
1719 2665 1904 2733 Haus
1952 2667 2066 2732 des
2106 2667 2358 2736 Messer
2404 2665 2737 2733 Salvestro
2782 2667 3059 2734 Manetti
3106 2667 3225 2754 (7).

646 2873 708 2940 7.
804 2881 976 2940 1373
995 2869 1158 2959 (74),
1209 2876 1275 2938 ca
1323 2872 1446 2937 III
1483 2875 1555 2937 di
1603 2869 1936 2940 Gie‘nnaiO.
2030 2872 2457 2937 Ricordanzcr.

647 3018 729 3084 A'
768 3017 833 3083 dl
879 3017 982 3082 ΙΠ
1039 3017 1104 3082 di
1153 3015 1476 3083 Giennaio
1547 3038 1716 3080 anno
1777 3015 1954 3079 detto
2011 3014 2067 3079 si
2127 3015 2443 3079 comincio
2501 3037 2540 3078 a
2572 3013 2833 3085 ,disfare
2889 3017 2949 3081 le
3020 3040 3167 3083 case
3238 3020 3304 3085 di

427 3135 601 3198 Dino
661 3133 726 3198 di
775 3131 987 3217 Gieri,
1061 3131 1360 3197 ch’erano
1408 3131 1602 3196 allato
1650 3131 1781 3196 alla
1824 3141 1996 3196 torre
2044 3130 2215 3196 della
2258 3140 2545 3214 moneta,
2614 3153 2731 3220 per
2774 3131 2910 3196 fare
2960 3158 3088 3199 una
3131 3135 3306 3201 bella

427 3250 661 3336 loggia‚
713 3273 752 3314 a
796 3273 994 3315 onore
1043 3272 1076 3314 e
1125 3257 1292 3314 stato
1342 3247 1447 3312 del
1492 3271 1762 3313 comune
1811 3248 1878 3312 di
1923 3245 2214 3312 Firenze.

651 3366 732 3430 A’
771 3366 836 3430 di
883 3363 1125 3430 XXXI
1173 3365 1238 3430 di
1271 3364 1592 3432 Giennaio
1644 3360 1968 3449 1373(74)
2018 3366 2073 3430 si
2121 3365 2437 3430 comincio
2487 3388 2526 3429 a
2572 3364 2811 3430 disfare
2856 3365 2920 3431 la
2966 3389 3135 3453 casa,
3186 3368 3305 3433 che

349 3488 354 3492 '
429 3482 500 3546 fu
567 3481 632 3546 di
685 3505 929 3547 messer
982 3477 1308 3547 Salvestro
1363 3481 1668 3564 Manetti,
1717 3503 1834 3568 per
1884 3479 2019 3545 fare
2076 3481 2142 3546 la
2194 3481 2412 3567 loggia
2455 3480 2631 3546 nella
2672 3483 2897 3567 piazza
2943 3482 3039 3548 de'
3098 3485 3306 3549 nostri

431 3593 737 3684 Signiori.
815 3596 1070 3680 (Diario
1119 3598 1422 3664 anonimo
1453 3595 1832 3662 Fiorentino
1881 3595 2051 3662 edid.
2100 3596 2317 3663 Aless.
2353 3596 2673 3664 Gherardi
2706 3599 2774 3663 in
2807 3598 2933 3665 den
2966 3599 3305 3666 Cronache

434 3714 538 3778 dei
585 3712 782 3780 secoli
825 3713 999 3778 XIII
1046 3737 1080 3779 e
1126 3713 1292 3779 XIV
1337 3713 1463 3779 vol.
1498 3712 1615 3778 VI.
1664 3736 1725 3800 p.
1779 3709 1959 3796 303.)

653 3829 780 3894 Nel
837 3829 1012 3894 detto
1060 3853 1228 3894 anno
1276 3826 1611 3914 1373(74)
1658 3833 1730 3894 di
1771 3829 2044 3894 Febraio
2090 3829 2327 3894 veduto
2376 3828 2520 3913 che,
2581 3830 2838 3916 quando
2884 3832 2907 3896 i
2952 3831 3163 3897 Priori
3210 3835 3307 3898 in·

432 3957 702 4012 travano
751 3969 788 4010 o
837 3948 894 4012 si
941 3945 1194 4012 davano
1240 3947 1263 4010 i
1310 3945 1639 4032 gonfaloni
1687 3970 1720 4009 e
1768 3947 2082 4033 piovesse,
2116 3946 2493 4030 bisognava‚
2544 3945 2663 4010 che
2696 3946 2751 4010 si
2783 3947 3305 4015 rinchiudessero

432 4062 478 4125 li
525 4059 785 4148 Signori
834 4063 918 4126 e'l
961 4062 1194 4149 popolo
1241 4063 1311 4127 in
1356 4059 1422 4127 S.
1471 4062 1660 4126 Piero
1702 4058 2117 4148 ScheraggiO,
2166 4062 2418 4148 piccola
2462 4063 2679 4128 chiesa
2724 4087 2763 4128 a
2807 4073 2986 4129 tanto
3034 4067 3307 4130 servizio

431 4175 580 4262 (wie
614 4174 911 4263 Villani),
962 4200 997 4242 e
1044 4180 1198 4264 pero
1248 4178 1706 4243 deliberavano
1755 4178 1948 4242 allato
1995 4178 2126 4242 alla
2172 4189 2429 4242 moneta
2475 4201 2509 4243 e
2555 4178 2793 4243 tolsero
2842 4189 3014 4244 certe
3062 4203 3209 4246 case
3243 4181 3309 4245 di

431 4293 606 4359 Dino
657 4295 720 4358 di
755 4293 911 4359 Geri
945 4293 1376 4379 Tigliamochi
1427 4317 1460 4357 e
1509 4293 1718 4378 quelle
1764 4293 2017 4358 feciono
2068 4315 2189 4357 con
2236 4293 2395 4358 altre
2444 4316 2591 4358 case
2640 4293 2735 4358 de'
2764 4295 3133 4360 Baroncelli
3181 4296 3307 4362 dis-

433 4411 568 4474 fare
615 4435 648 4474 e
694 4410 828 4476 fare
867 4435 999 4475 una
1030 4411 1371 4496 magnifica
1399 4411 1634 4495 leggia,
1677 4410 1741 4474 la
1771 4409 1959 4494 quale
1994 4411 2029 4473 e
2058 4410 2319 4473 braccia
2368 4459 2744 4475 ........
2795 4410 2993 4496 larga,
3046 4435 3079 4475 e
3111 4410 3310 4498 lunga

435 4527 693 4591 braccia
741 4577 1086 4610 ........
1139 4526 1218 4590 ed
1265 4529 1300 4591 ὲ
1346 4526 1523 4592 volta
1553 4527 1623 4590 in
1653 4525 1846 4609 volt-a,
1873 4529 1931 4590 ’6
1966 4525 2187 4608 dicesi,
2238 4534 2529 4610 gostasse
2589 4526 2761 4590 circa
2815 4529 3036 4593 2ΟΟΟΟ
3089 4530 3305 4593 fiorini

438 4642 635 4707 d’or0.
706 4641 1156 4726 (Marchionne
1191 4642 1256 4706 di
1289 4639 1514 4729 Coppo
1546 4639 1816 4707 Stefani.
1865 4665 1921 4706 a.
1959 4665 2015 4706 a.
2052 4641 2131 4706 O.
2181 4641 2370 4706 Band
2394 4641 2488 4706 VI
2517 4641 2703 4706 Buch
2734 4643 2775 4706 9
2807 4641 3096 4708 Rubrica
3131 4640 3309 4727 741.)

659 4758 1050 4836 (Ammirato
1083 4759 1282 4823 storia
1310 4754 1517 4841 Fior.)
1563 4761 1651 4822 ad
1696 4782 1932 4822 annum
1978 4763 2189 4821 1374.-
2239 4755 2436 4843 Segui
2482 4756 2701 4822 l'anno
2752 4759 2942 4840 1374,
2994 4781 3029 4823 6
3074 4760 3124 4824 il
3154 4783 3309 4846 gon-

435 4872 815 4938 falonierato
881 4873 947 4938 di
993 4874 1250 4960 Filippo
1294 4874 1554 4939 Bastari
1616 4875 1682 4938 la
1739 4883 1916 4938 terza
1969 4874 2173 4956 volta3
2234 4874 2282 4937 il
2330 4874 2517 4958 quale
2564 4896 2695 4938 non
2742 4873 3038 4940 havendo
3086 4858 3309 4962 potuto

437 4988 708 5053 insieme
755 4988 849 5053 co’
884 4990 1080 5074 priori
1131 5013 1169 5053 a
1215 4989 1399 5053 calen
1446 4990 1512 5054 di
1547 4987 1842 5054 Gennaio
1889 5013 2002 5075 per
2048 4990 2114 5053 la
2158 4989 2361 5053 molta
2402 4989 2597 5075 piova
2641 4988 2955 5074 prendere
3002 4991 3066 5054 la
3098 4992 3310 5077 signo-

439 5104 538 5168 ria
593 5104 658 5167 di
713 5127 906 5168 mano
964 5104 1068 5169 del
1114 5102 1404 5169 Guidetti
1462 5127 1496 5169 e
1557 5104 1651 5168 de'
1688 5107 1932 5191 passati
1987 5105 2185 5189 priori
2243 5104 2410 5169 sulla
2462 5103 2791 5189 ringhiera
2837 5128 2870 5169 e
2917 5129 3033 5192 per
3078 5119 3307 5192 questo

440 5218 711 5284 essendo
769 5227 1070 5284 costretto
1129 5220 1471 5305 prenderla
1521 5221 1591 5285 in
1640 5217 1774 5286 San
1818 5221 2009 5286 Piero
2056 5217 2475 5306 ScheraggiO,
2536 5221 2756 5286 chiesa
2807 5221 3005 5285 molto
3052 5223 3311 5308 piccola
