4009 5859
1735 395 1856 460 197

363 580 426 636 et
483 570 872 658 reparanda3
934 579 998 636 et
1057 571 1135 636 de
1193 572 1681 658 quibuscunque
1745 572 1870 637 uiis
1929 573 1997 637 in
2056 573 2319 637 ciuitate
2365 572 2419 636 F
2421 573 2692 638 lorentie
2740 574 2809 639 in
2856 596 3236 660 quocunque

361 687 502 754 loco
551 710 664 752 seu
713 687 872 753 locis
921 696 985 752 et
1028 688 1320 774 partibus
1367 688 1572 774 ipsius
1622 688 1904 754 ciuitatis
1952 688 2357 773 dirizzanclis,
2411 690 2817 775 ampliandiS,
2866 690 3235 777 reaptandis

363 813 428 868 et
479 803 857 889 reparandis
916 827 990 869 ac
1044 805 1240 870 etiam
1297 803 1375 868 de
1431 826 1600 869 nouo
1655 805 2033 870 ordinandis
2084 839 2167 850 -
2216 813 2281 869 et
2324 805 2666 888 faciendis3
2726 840 2809 850 --
2860 815 2923 870 et
2969 807 3053 871 ad
3096 830 3233 892 pre·

365 921 538 986 dicta
583 920 802 985 omnia
847 930 911 985 et
955 916 1212 1008 singula
1265 957 1338 967 -
1393 924 1796 1010 prouidenda
1839 923 2151 988 officiales
2165 975 2180 1007 ,
2246 924 2421 989 ciues
2466 924 2521 989 F
2524 926 2829 990 lorentini
2876 934 2987 989 aut
3030 925 3237 990 foren-

363 1059 486 1121 seS,
539 1060 700 1124 quos
749 1049 813 1103 et
859 1048 1015 1124 quot
1061 1040 1401 1125 noluerint,
1454 1075 1536 1086 -
1586 1040 1840 1128 eligere,
1889 1062 2129 1126 ponere
2178 1049 2243 1105 et
2290 1039 2593 1126 deputare
2640 1064 2756 1126 pro
2793 1041 3050 1107 comuni
3080 1039 3237 1106 iam-

364 1154 536 1219 dicto
605 1163 669 1219 et
737 1154 982 1220 eisdem
1054 1155 1438 1223 officialibus
1497 1192 1579 1203 --
1649 1157 2017 1243 generalem
2068 1156 2400 1221 licentiam
2458 1191 2539 1202 -
2600 1158 2968 1224 attribuere.
3022 1192 3107 1201 —
3152 1156 3240 1221 Et

365 1271 537 1358 quod
575 1273 702 1358 ipsi
732 1271 929 1336 futuri
963 1272 1271 1338 officiales
1311 1309 1386 1318 —
1425 1274 1702 1340 debeant
1733 1309 1816 1318 -
1852 1273 2095 1356 domOS‚
2144 1296 2364 1338 muros
2398 1283 2462 1338 et
2494 1295 2892 1360 quecumque
2925 1273 3241 1338 hediffitia

363 1385 431 1452 in
479 1410 879 1475 quocumque
927 1390 1067 1454 loco
1115 1398 1181 1455 et
1225 1390 1383 1455 locis
1431 1400 1495 1455 et
1539 1392 1831 1477 partibus
1879 1390 2049 1455 dicte
2098 1390 2380 1455 ciuitatis
2433 1390 2675 1456 destrui
2724 1399 2788 1454 et
2826 1390 2995 1454 dirui
3026 1389 3238 1454 facere

365 1512 431 1568 et
487 1505 804 1570 casolaria
857 1516 921 1570 et
977 1515 1234 1571 terrena
1279 1517 1343 1571 et
1388 1506 1466 1571 de
1515 1507 1912 1572 casolaribus
1961 1517 2026 1571 et
2070 1508 2345 1573 terrenis
2392 1515 2529 1572 tam
2575 1506 2867 1571 comunis
2912 1503 3241 1570 Florentie

367 1641 562 1705 quam
615 1620 1040 1706 singularium
1097 1645 1544 1708 personarum,
1603 1623 2021 1710 collegiorum
2078 1633 2144 1687 et
2200 1623 2692 1688 uniuersitatum
2742 1655 2825 1666 -—
2873 1621 3238 1703 terminare,

368 1757 606 1822 ponere
654 1745 718 1800 et
761 1737 1016 1802 mittere
1066 1772 1149 1783 -—
1199 1739 1267 1803 in
1314 1740 1460 1825 ipsa
1505 1748 1569 1803 et
1614 1762 1729 1825 pro
1777 1740 1920 1826 ipsa
1965 1739 2180 1826 platea
2226 1737 2577 1804 crescenda
2622 1746 2687 1802 et
2734 1734 3119 1822 amplianda.
3156 1769 3239 1779 —-

367 1848 610 1916 Prefati
659 1851 854 1916 etiam
899 1852 1096 1918 futuri
1145 1854 1472 1938 officiales,
1525 1855 1610 1919 ad
1655 1855 1943 1940 predicta
1991 1895 2073 1904 ——
2122 1855 2422 1940 eligendi,
2475 1886 2558 1897 --
2609 1853 2888 1918 debeant
2928 1851 3244 1917 casolaria

367 1977 431 2030 et
477 1977 750 2050 terrena,
802 2003 886 2013 —
933 1971 1250 2054 ponenda,
1302 2005 1384 2016 —
1434 1980 1497 2035 et
1544 1972 1787 2056 domos,
1837 1995 2053 2036 muros
2102 1982 2167 2036 et
2212 1970 2556 2053 hedifficia‚
2608 1979 2678 2034 ut
2718 1967 3086 2055 predicitur,
3136 1965 3241 2032 de-

369 2083 693 2169 struenda,
746 2118 829 2129 --
879 2086 1192 2168 estimare
1237 2097 1348 2152 aut
1393 2088 1691 2152 extimari
1737 2087 1949 2152 facere
1998 2122 2081 2133 —
2132 2097 2196 2152 et
2243 2122 2325 2132 —
2370 2121 2451 2132 -
2488 2086 2566 2150 de
2606 2105 3007 2172 quacumque
3038 2083 3243 2169 ipsius

371 2200 660 2265 comunis
733 2203 1006 2287 pecunia
1073 2203 1436 2290 expendere
1505 2213 1569 2268 et
1637 2204 1888 2269 soluere
1935 2204 2000 2269 in
2053 2204 2487 2269 destructione
2535 2213 2599 2268 et
2644 2225 2758 2288 pro
2808 2197 3244 2264 destructione

371 2314 687 2380 dictorum
733 2341 1062 2384 murorum
1109 2327 1226 2384 cet.

595 2475 712 2541 69.
807 2477 998 2544 Anno
1048 2486 1245 2562 1307,
1297 2482 1398 2545 die
1442 2480 1590 2546 XV
1619 2480 2001 2546 Nouembris
2050 2476 2393 2564 (Consulte
2438 2480 2586 2544 filza
2635 2480 2669 2544 7
2720 2500 2781 2563 p.
2834 2469 3023 2559 7812).

591 2609 759 2676 Item
785 2646 867 2657 -
895 2613 962 2677 in
993 2615 1399 2699 reparatione
1430 2615 1586 2679 tecti
1617 2625 1681 2680 et
1710 2615 2000 2698 aliorum,
2034 2613 2547 2680 necessariorum
2576 2613 2645 2677 in
2672 2611 2933 2698 anatio
2964 2609 3249 2695 priorum

375 2739 439 2792 et
484 2729 848 2814 uexilliferi‚
903 2765 984 2775 -—-
1032 2731 1287 2817 possint
1333 2765 1416 2776 -
1468 2731 1830 2818 expendere
1877 2753 2079 2816 usque
2125 2731 2195 2796 in
2244 2730 2669 2816 quantitatem
2720 2728 2849 2793 100
2892 2726 3222 2790 librarum.

597 2888 713 2955 ¹70.
807 2891 998 2955 Anno
1049 2898 1242 2976 1307,
1293 2893 1396 2956 die
1440 2891 1595 2956 XII
1629 2895 1860 2957 mensis
1905 2891 2275 2958 Decembres
2323 2886 2664 2975 (Consulte
2714 2889 2748 2953 7
2800 2910 2861 2973 p.
2911 2887 2991 2952 81
3010 2881 3103 2967 b).

596 3015 677 3079 In
724 3015 996 3081 consilio
1044 3025 1302 3081 centum
1349 3017 1650 3081 uirorum.

598 3127 806 3216 Super
863 3133 1090 3217 quinta
1147 3132 1224 3196 de
1282 3133 1578 3198 domibus
1637 3143 1700 3197 et
1746 3133 2039 3214 terrenis,
2094 3130 2383 3196 disfactis
2429 3151 2545 3214 pro
2594 3129 2809 3214 platea
2854 3127 3139 3214 priorum
3186 3134 3251 3190 et

383 3247 742 3330 uexilliferi,
792 3249 1036 3334 placuit
1082 3251 1198 3331 703
1247 3249 1592 3314 noluerunt
1638 3251 1698 3313 2.
1792 3245 1958 3333 (Der
2000 3269 2303 3334 processo
2350 3244 2610 3310 verbale
2654 3239 2864 3324 fehlt.)

599 3364 729 3428 Die
775 3363 956 3428 XIII
991 3363 1359 3428 Decembris
1405 3361 1491 3448 (a.
1526 3388 1580 3429 a.
1619 3360 1698 3429 Ο.
1756 3388 1816 3451 p.
1867 3359 2060 3445 82b).

602 3478 683 3544 In
730 3480 999 3546 consilio
1049 3481 1361 3566 generali:
1423 3477 1631 3567 Super
1678 3481 1902 3565 quinta
1947 3474 2346 3566 petitionem
2395 3477 2729 3543 domorum
2779 3484 2843 3539 et
2888 3485 3253 3539 terenorum

381 3605 445 3659 et
505 3596 887 3661 casolarium
943 3596 1153 3681 platee
1203 3597 1606 3662 dominorum
1652 3597 1939 3683 priorum
1985 3605 2051 3660 et
2096 3594 2445 3660 uexilliferi
2509 3593 2753 3679 placuit
2808 3592 2965 3672 2943
3038 3587 3255 3654 nolue-

378 3721 530 3777 runt
576 3715 636 3778 6.
1815 3715 1824 3726 ⁶

602 3828 788 3894 Dazu
835 3829 940 3894 die
986 3828 1328 3895 Provision
1374 3824 1550 3912 (filza
1600 3829 1681 3893 13
1729 3851 1789 3914 p.
1845 3828 2047 3892 1581).
2141 3823 2325 3912 Gaye
2371 3826 2405 3890 I
2452 3851 2513 3914 p.
2547 3823 2727 3910 448).

605 3946 732 4011 Die
781 3952 864 4009 12
910 3945 1296 4010 Decembris.

609 4059 846 4127 Coram
899 4062 1086 4126 uobis
1135 4060 1413 4127 dominis
1461 4061 1786 4149 prioribus
1835 4062 2074 4125 artium
2118 4070 2182 4126 et
2230 4059 2590 4125 uexillifero
2638 4056 2881 4121 iustitie
2932 4087 3015 4098 --
3065 4076 3257 4139 expo·

383 4179 575 4263 nitur,
625 4179 816 4264 quod,
868 4200 1014 4242 cum
1059 4179 1389 4263 prouisum
1435 4178 1628 4243 fuerit
1674 4200 1788 4263 per
1833 4200 2104 4242 comune
2146 4176 2474 4241 Florentie
2522 4183 2588 4238 et
2634 4171 2905 4237 consilia
2952 4168 3109 4233 dicti
3156 4190 3258 4231 co-

383 4295 614 4379 muniS‚
666 4293 835 4380 quod
883 4294 1181 4358 dominus
1229 4305 1532 4359 executor
1579 4304 1644 4358 et
1689 4293 1797 4357 ille
1840 4294 1943 4357 uel
1974 4293 2091 4376 illi,
2142 4315 2331 4379 quem
2363 4291 2465 4355 uel
2498 4312 2657 4376 quos
2690 4288 2928 4353 habere
2963 4283 3255 4366 uoluerit,

385 4419 650 4496 possent
694 4433 930 4496 ponere
980 4421 1042 4475 et
1088 4411 1342 4475 mittere
1389 4410 1458 4474 in
1501 4410 1716 4496 platea
1747 4419 1808 4474 et
1841 4432 1954 4495 pro
1987 4409 2201 4494 platea
2224 4408 2509 4493 priorum
2542 4415 2607 4468 et
2636 4401 2983 4467 uexilliferi
3016 4400 3258 4466 iustitie

386 4525 785 4610 amplianda,
837 4536 1117 4609 terrena,
1169 4526 1486 4591 casolaria
1532 4535 1596 4590 et
1642 4525 1960 4590 hediffitia
2005 4544 2527 4609 quarumcunque
2576 4518 2998 4604 singularium
3043 4539 3259 4603 perso-

386 4664 630 4724 narum,
681 4642 1096 4726 collegiorum
1145 4649 1208 4705 et
1257 4643 1748 4707 uniuersitatum
1797 4664 1872 4706 ac
1909 4640 2133 4705 domos
2168 4649 2231 4704 et
2261 4636 2578 4702 hediffitia
2610 4635 2881 4716 diruere,
2931 4632 3260 4697 destruere

387 4768 450 4820 et
518 4757 586 4820 in
653 4757 1161 4823 satisfactionem
1217 4768 1282 4823 et
1333 4781 1448 4845 pro
1496 4759 1935 4824 satisfactione
1983 4757 2269 4843 ipsorum
2316 4765 2745 4834 terrenorum,
2818 4749 3153 4814 domorum
3198 4755 3263 4810 et

389 4873 844 4939 casolariorum
892 4883 955 4939 et
1001 4877 1453 4940 extimationes
1499 4875 1736 4956 facere,
1797 4875 2107 4938 stantiare
2156 4883 2220 4938 et
2264 4855 2519 4936 firmare
2566 4867 2917 4934 solutiones
2966 4873 3032 4927 et
3077 4863 3262 4927 satis-

385 4989 698 5054 factiones
754 4990 896 5054 fieri
949 5013 1065 5076 per
1119 4991 1506 5054 camerarios
1554 4990 1844 5054 comunis
1891 4988 2219 5053 Florentie
2286 4988 2362 5050 de
2420 5008 2611 5051 auere
2668 4993 2733 5047 et
2786 4979 3061 5066 pecunia
3106 4978 3261 5042 dicti

389 5107 712 5189 comunis;
750 5140 831 5150 -—-
864 5107 1116 5192 placeat
1171 5106 1354 5170 uobis
1405 5105 1680 5170 dominis
1729 5105 2052 5190 prioribus
2104 5113 2222 5166 cet.
2274 5135 2355 5145 ——-
2404 5100 2762 5186 prouidere,
2816 5130 2897 5140 -—-
2946 5093 3117 5179 quod
3165 5115 3264 5157 ca-

389 5221 646 5286 merarii
697 5255 781 5266 -—
830 5222 1082 5307 possint
1127 5255 1214 5264 —
1263 5220 1512 5285 soluere
1561 5230 1679 5284 cet.
1774 5219 1994 5306 (Folgt
2047 5220 2149 5285 die
2196 5218 2401 5300 Bitte,
2460 5216 2697 5299 richtig
2743 5206 3265 5290 abzuschiitzen.)
