4009 5859
2056 409 2232 504 290.-
2307 498 2327 503 ,

675 587 832 650 Neri
878 585 932 650 F
938 585 1185 669 ardelli,
1237 587 1574 672 magistre,
1626 609 1742 672 pro
1790 585 2069 672 quadam
2114 587 2323 670 figura
2367 584 2622 671 lapidis,
2675 607 2789 670 per
2832 607 2978 649 eum
3026 585 3205 668 satta,
3256 609 3370 672 pro
3419 585 3558 651 eius

674 702 909 769 salario
953 714 1018 768 et
1054 725 1222 789 paga
1267 702 1426 768 ditte
1471 705 1674 788 figure
1707 703 1982 768 florenos
2018 702 2358 767 duodecim
2393 703 2560 784 auri3
2611 698 2744 785 (die
2778 700 2979 788 Figur
3010 702 3149 768 also
3180 701 3406 788 fertig3
3442 700 3553 766 cfr.

683 821 850 886 oben
899 844 994 884 nr.
1040 821 1145 886 29.
1239 821 1372 885 Am
1417 819 1605 885 Rand
1657 819 1830 884 steht
1875 814 2190 904 ,loggia‘.)

900 936 945 1002 J
949 959 1148 1023 acopo
1183 935 1376 1020 Pieri,
1427 935 1756 1022 magistre,
1808 935 2002 999 etiam
2055 956 2168 1020 pro
2204 935 2481 1020 quadam
2512 935 2720 1020 figura
2750 935 3005 1021 lapidis,
3056 959 3170 1022 per
3201 957 3345 1000 eum
3378 933 3555 1016 satta,

677 1076 792 1139 pro
853 1053 990 1118 eius
1049 1053 1282 1118 salario
1340 1062 1404 1116 et
1459 1075 1628 1138 paga
1683 1051 1842 1116 ditte
1897 1053 2102 1136 figure
2158 1051 2435 1116 florenos
2496 1051 2837 1117 duodecim
2894 1052 3053 1144 auri.
3150 1046 3311 1135 (Am
3366 1049 3557 1116 Rand

681 1169 854 1235 steht
901 1168 1216 1236 ebenfalls
1263 1163 1574 1254 ,loggia‘.)

905 1281 1155 1351 Simoni
1200 1285 1254 1351 F
1259 1285 1534 1350 rancisci
1585 1284 1868 1368 Talenti,
1930 1285 2269 1369 magistro,
2332 1307 2446 1371 pro
2510 1283 2783 1349 facitura
2844 1295 2907 1350 et
2953 1284 3333 1350 formatione
3380 1284 3559 1350 folia-

683 1404 884 1467 menti
934 1403 1162 1468 colune
1208 1403 1412 1489 prime
1460 1425 1686 1467 uersus
1735 1410 1985 1488 portam
2032 1401 2257 1488 palatii
2305 1401 2709 1467 dominorum
2758 1403 3060 1489 priorum,
3112 1402 3415 1468 uidelicet
3443 1424 3561 1488 pro

682 1519 1032 1585 cornicetta
1090 1518 1324 1584 sottilis
1383 1514 1562 1601 (sic),
1629 1539 1752 1604 que
1814 1527 1912 1584 est
1970 1519 2091 1584 sub
2152 1518 2334 1584 dittis
2381 1517 2595 1602 soleis,
2660 1519 2861 1584 libras
2911 1519 3278 1602 duodecim3
3336 1528 3402 1584 et
3447 1541 3561 1604 pro

682 1635 1005 1722 planando
1054 1644 1119 1699 et
1164 1633 1525 1720 exgalando
1573 1645 1787 1720 petras
1837 1621 2143 1700 dittarum
2190 1634 2503 1700 folcarum
2548 1635 2751 1701 libras
2799 1636 3065 1721 triginta
3097 1645 3364 1722 septem,
3414 1635 3562 1700 soli-

682 1751 798 1816 dos
846 1774 1108 1835 nouem3
1159 1761 1222 1816 et
1267 1773 1381 1837 pro
1428 1749 1766 1815 formando
1817 1761 1880 1814 et
1923 1749 2213 1816 satiando
2262 1751 2458 1818 dittas
2502 1752 2705 1818 foleus
2738 1752 2937 1818 libras
2968 1752 3279 1818 ducentas
3312 1763 3563 1838 septua-

683 1869 865 1954 ginta
921 1868 1108 1950 duaS,
1171 1866 1412 1933 solidos
1469 1878 1742 1952 quatuor
1798 1876 1862 1931 et
1908 1866 2207 1932 denarios
2256 1867 2446 1950 duos;
2506 1877 2571 1931 et
2616 1890 2732 1953 pro
2778 1869 3014 1952 uiginti
3060 1878 3195 1932 otto
3240 1868 3559 1954 operibuS,

683 1981 748 2069 'lg
801 1984 1110 2048 laboratis
1167 2005 1282 2070 per
1328 1981 1748 2048 Gherandum
1796 1979 2093 2067 Consigli
2150 1982 2230 2046 ad
2290 1984 2562 2068 petitum
2618 1983 2773 2047 dicti
2823 1980 3109 2049 Simonis
3158 2007 3350 2070 super
3396 2006 3562 2049 cam-

682 2122 872 2186 pana,
923 2099 1135 2186 posita
1181 2123 1374 2186 super
1421 2099 1618 2164 ditatas
1664 2099 1866 2164 foleas
1915 2095 2086 2182 (sic),
2138 2098 2221 2163 ad
2266 2101 2585 2165 rationem
2632 2099 2985 2166 solidorum
3034 2099 3403 2186 quindecim
3448 2123 3564 2187 pro

686 2216 819 2298 die,
894 2216 960 2279 in
1017 2238 1269 2280 summa
1323 2215 1525 2279 libras
1585 2216 1816 2300 uiginti
1863 2239 2059 2280 unam
2107 2224 2171 2280 et
2218 2215 2461 2281 solidos
2510 2216 2822 2301 quinque3
2895 2226 2959 2281 et
3004 2238 3119 2302 pro
3168 2217 3372 2282 tribus
3421 2240 3567 2281 cum

687 2330 955 2395 dimidio
1018 2327 1136 2414 (se.
1187 2332 1488 2417 ope‘ribus
1547 2331 1703 2396 oder
1750 2327 2034 2416 diebus),
2095 2332 2404 2398 laboratis
2458 2354 2573 2418 per
2620 2331 2862 2397 dictum
2910 2329 3242 2397 Simonem
3289 2331 3567 2418 quodam

684 2442 837 2529 (sio)
884 2448 1058 2533 petio
1117 2447 1412 2530 corniciS,
1463 2447 1544 2512 ad
1593 2448 1908 2512 rationem
1956 2448 2307 2513 solidorum
2356 2449 2619 2534 triginta
2664 2473 2779 2536 pro
2828 2448 2951 2532 die,
3002 2450 3071 2513 in
3117 2459 3318 2514 totum
3367 2448 3567 2514 libras

635 2609 642 2618 -
686 2564 994 2648 quinque,
1055 2563 1295 2629 solidos
1352 2563 1634 2649 quinque
1680 2559 1840 2648 (105
1874 2560 2068 2648 soldi)
2114 2563 2158 2628 f.
2194 2587 2286 2650 p.3
2349 2564 2441 2628 ita
2496 2564 2669 2650 quod
2724 2566 2792 2630 in
2841 2574 3047 2630 totum
3094 2575 3156 2629 et
3204 2587 3319 2650 per
3362 2574 3569 2629 totum

685 2679 1044 2746 ascendunt
1091 2703 1342 2745 sumam
1388 2681 1696 2746 librarum
1745 2691 2176 2746 trecentarum
2222 2680 2651 2766 quadraginta
2698 2692 2841 2747 octo
2890 2691 2954 2747 et
2992 2680 3343 2747 solidorum
3377 2683 3571 2746 trium

689 2806 753 2860 et
799 2794 1208 2860 denariorum
1256 2795 1526 2860 duorum
1572 2795 1614 2861 f.
1650 2819 1712 2882 p.

912 2980 1023 3047 34.
1096 2984 1224 3049 Die
1270 2997 1426 3049 sesto
1477 2986 1712 3050 decimo
1760 2989 1989 3050 musis
2038 2987 2403 3052 Decembris
2451 2983 2535 3070 (a.
2572 3011 2627 3052 a.
2665 2985 2743 3052 O.
2779 3011 2840 3074 p.
2876 2983 3057 3070 2221).

911 3115 1205 3197 Quatuor
1271 3120 1705 3205 portatoribus
1777 3144 1892 3207 pro
1960 3121 2257 3186 faciendo
2328 3122 2653 3208 quandam
2712 3121 2999 3187 schalam
3051 3121 3439 3226 alla-loggia
3486 3161 3570 3169 —

691 3235 934 3300 solidos
979 3234 1127 3298 XV.

913 3421 1025 3488 35.
1097 3423 1226 3486 Die
1271 3429 1358 3485 27
1404 3426 1633 3488 men8i8
1679 3423 1992 3488 Januarii
2038 3433 2210 3490 1379
2228 3423 2371 3510 (80)
2418 3423 2503 3509 (a.
2541 3449 2596 3490 a.
2635 3423 2713 3490 Ο.
2747 3427 2897 3490 filza
2934 3429 3013 3491 12
3060 3450 3121 3512 p.
3156 3423 3301 3510 4b).

916 3555 1178 3620 Bartolo
1211 3556 1533 3622 Johannis
1583 3591 1666 3602 —-·
1714 3580 1828 3644 pro
1876 3559 2084 3624 tribus
2132 3559 2379 3644 legen-is
2425 3555 2577 3642 (sic)
2626 3559 2761 3623 uini
2812 3559 3229 3645 berlingaccii
3265 3570 3329 3625 et
3360 3559 3575 3624 earnis

693 3674 860 3760 priui
907 3695 1022 3759 pro
1069 3673 1398 3759 magistris
1447 3684 1511 3737 et
1555 3675 2005 3740 manoualibus
2053 3672 2251 3758 (Dom
2298 3671 2497 3759 wohl)
2545 3685 2609 3740 et
2655 3663 2773 3762 pro
2812 3675 3063 3741 duobus
3094 3676 3411 3741 barilibus
3444 3675 3578 3740 alla

693 3790 910 3894 loggia
954 3788 1158 3852 libras
1209 3790 1288 3854 11
1341 3797 1406 3852 et
1451 3788 1694 3856 solidos
1747 3793 1824 3855 17
1877 3801 1940 3854 et
1987 3790 2284 3856 denarios
2334 3793 2374 3856 9
2422 3791 2465 3856 f.
2500 3815 2561 3877 p.

925 3975 1041 4042 36.
1118 3963 1245 4042 ‘Die
1285 3981 1496 4064 primo
1543 3983 1771 4042 mensis
1817 3982 2051 4045 Martii
2094 3978 2179 4064 (a.
2216 4005 2271 4045 a.
2309 3977 2385 4045 O.
2423 4004 2483 4067 p.
2519 3977 2663 4065 812).

921 4111 1489 4196 Deliberauerunt,
1552 4113 1724 4198 quod
1771 4113 2073 4179 Andreas
2120 4112 2454 4179 Francisci
2501 4113 2853 4198 Johannis,
2905 4115 3295 4181 camerarius
3341 4116 3575 4201 operis»,

697 4229 806 4293 det
852 4237 916 4292 et
961 4237 1207 4291 mutuet
1251 4250 1356 4292 ser
1386 4228 1643 4313 Agnolo
1692 4228 1916 4314 Trulli,
1967 4231 2077 4315 qui
2124 4229 2280 4294 facit
2319 4242 2581 4316 stangas
2630 4241 2695 4295 et
2742 4242 3002 4297 catenas
3052 4230 3295 4297 ferreas
3343 4232 3575 4317 loggie,

697 4345 974 4408 florenos
1023 4343 1161 4408 auri
1215 4345 1360 4426 100,
1411 4343 1503 4408 ita
1549 4354 1765 4409 tamen
1813 4346 1986 4430 quod
2032 4345 2305 4412 satisdet
2351 4348 2527 4432 operi
2579 4357 2698 4411 cet.

925 4530 1030 4597 37.
1104 4532 1232 4596 Die
1277 4531 1409 4597 XX
1431 4534 1522 4599 VI
1559 4538 1788 4598 mensis
1833 4535 2025 4599 Junii
2066 4542 2238 4599 1380
2290 4531 2374 4620 (a.
2411 4559 2467 4600 a.
2504 4532 2581 4600 Ο.
2620 4559 2678 4621 p.
2710 4536 2891 4619 2421).

923 4665 1282 4731 Prudentes
1329 4667 1480 4732 uiri:

925 4780 1244 4847 Dominus
1292 4780 1532 4848 Forese
1581 4783 1660 4849 de
1703 4781 2032 4870 Saluiatis,
2134 4787 2308 4850 ciues
2370 4785 2781 4850 honorabiles
2830 4784 3215 4871 Florentini,
3276 4811 3390 4874 pro
3436 4789 3581 4874 ipso

925 4897 1191 4963 Nofrius
1238 4899 1559 4964 Johannis
1605 4900 1876 4986 Bartuli,
2062 4781 2085 4994 l
2137 4891 2388 4967 comuni
2447 4902 2777 4968 Florentie
2842 4904 3117 4989 operarii
3186 4905 3397 4990 operis
3466 4927 3582 4970 seu
3689 4945 3701 4954 ·

927 5013 1265 5080 Galeattus
1311 5014 1365 5079 F
1369 5015 1663 5098 rancisci,

927 5131 1320 5197 Benedictus
1369 5132 1562 5214 Pieri,

2134 5019 2378 5084 fabrice
2411 5019 2682 5084 ecclesie
2716 5028 2938 5084 sancte
2970 5019 3311 5106 Reparate,
3344 5019 3582 5085 facien-

2136 5145 2232 5200 tes
2280 5134 2693 5221 infraseripta
2740 5137 2959 5200 omnia
3004 5146 3069 5202 et
3116 5137 3387 5223 singula,
3441 5137 3584 5202 uice

707 5258 770 5310 et
824 5248 1085 5312 nomine
1145 5247 1314 5312 dicte
1371 5249 1582 5335 operis
1641 5271 1786 5313 curn
1843 5251 2303 5336 protestatione
2362 5250 2704 5338 premissa,
2764 5275 2957 5338 quam
3003 5275 3117 5338 pro
3167 5275 3473 5340 expressa
3520 5264 3588 5319 et
