4009 5859
2084 413 2216 477 204

711 593 973 658 domum
1005 591 1083 656 de
1115 590 1448 675 Maneriis,
1501 601 1562 655 et
1597 591 1703 655 uia
1751 589 1852 654 del
1885 589 2246 676 gardingho
2279 585 2451 674 (Ml)
2500 589 2567 657 in
2600 598 2847 675 partem
2882 599 2945 653 et
2980 589 3235 654 domine
3268 587 3454 652 Lette
3488 589 3595 672 (s),

710 709 931 773 uxoris
967 707 1116 772 olim
1155 705 1649 789 Chiermontini,
1685 707 1750 770 in
1787 717 2061 792 partem3
2114 703 2232 790 a4)
2266 707 2390 789 uia,
2427 705 2527 770 cui
2565 705 2870 771 dicebant
2901 706 3010 770 uia
3042 705 3121 770 de
3145 704 3464 770 Bellanda
3486 702 3599 789 (L)

711 849 826 892 seu
883 825 1097 912 platea
1164 824 1390 911 palatii
1458 823 1678 910 populi
1734 822 2096 887 Florentini
2166 823 2234 887 in
2290 831 2538 909 partem
2593 831 2657 885 et
2713 820 2867 886 T..
2905 873 2918 886 .
2956 817 3048 904 e¹)
3102 821 3334 886 Jacobi
3392 821 3474 898 (t)
3528 821 3599 884 in

711 953 960 1030 partem
1007 951 1070 1006 et
1118 940 1374 1006 domine
1407 940 1649 1005 Nuccie
1699 940 1818 1023 (u),
1871 940 2092 1004 uxoris
2141 938 2361 1003 Luche
2394 938 2567 1003 Pieri
2602 935 2965 1024 Compagni
3013 939 3079 1002 in
3128 949 3393 1025 partem,
3474 935 3499 1021 11
3562 962 3601 1002 a

710 1060 928 1125 nobile
977 1058 1182 1123 milite
1229 1057 1490 1122 domino
1537 1055 1817 1121 Rodulfo
1866 1055 1943 1120 de-
1991 1055 2226 1120 Bardis
2275 1066 2337 1119 et
2384 1055 2568 1120 sotiis
2618 1055 2936 1119 sotietatis
2969 1053 3350 1137 Bardorum,
3403 1089 3484 1098 —
3518 1054 3600 1118 ad

714 1199 874 1262 quos
925 1216 1006 1223 -—
1057 1173 1381 1238 uendictio
1414 1173 1849 1259 predictorum
1881 1172 2105 1260 palatii
2140 1195 2253 1237 seu
2286 1172 2672 1258 palatiorum
2704 1180 2766 1236 et
2800 1171 3117 1237 dictarum
3150 1171 3483 1236 domorum
3520 1205 3599 1215 —

713 1295 1064 1380 pertineret
1095 1291 1198 1356 uel
1231 1300 1576 1376 spectaret,
1616 1325 1698 1334 —-
1733 1313 1849 1376 pro
1900 1312 1974 1354 eo
2022 1289 2226 1376 pretio
2271 1298 2334 1353 et
2364 1289 2609 1376 pretiiS‚
2649 1329 2729 1336 —
2766 1288 2843 1352 de
2893 1311 3018 1374 quo
3067 1298 3130 1352 et
3176 1288 3409 1374 quibus
3444 1288 3601 1374 ipsis

715 1433 830 1474 sex
886 1409 1075 1473 bonis
1135 1407 1320 1490 uiriS,
1395 1407 1490 1472 sic
1539 1406 1872 1492 eligendiS,
1949 1405 2053 1470 uel
2110 1406 2340 1470 maiori
2407 1405 2575 1492 parti
2644 1427 2866 1470 eorum
2920 1405 3206 1491 predicte
3275 1404 3603 1469 uidebitur

715 1525 1079 1606 conuenire,
1152 1522 1498 1588 dummodo
1569 1523 1846 1608 pretium
1897 1556 1980 1566 --
2028 1545 2160 1586 non
2227 1521 2499 1586 excedat
2547 1561 2628 1569 -—
2688 1521 3116 1605 quantitatem
3170 1531 3234 1585 et
3290 1543 3601 1586 summam

715 1651 960 1727 septem
1008 1640 1260 1704 milium
1290 1640 1677 1704 florenorum
1725 1639 1881 1702 auri.

939 1809 1057 1876 96.
1131 1813 1321 1875 Anno
1370 1816 1542 1874 1340
1595 1809 1776 1889 (41),
1849 1811 2196 1874 indictione
2240 1815 2313 1888 9,
2382 1810 2483 1873 die
2554 1816 2587 1872 1
2652 1810 2883 1872 mene-ie
2937 1807 3282 1872 Februarii
3323 1801 3601 1889 (Provis.

716 1927 866 1992 filza
914 1927 1000 1993 30
1045 1950 1106 2012 p.
1142 1922 1326 2008 41a).

939 2060 1208 2126 Domini
1254 2060 1501 2146 priores
1549 2059 1785 2123 artium
1832 2069 1896 2122 et
1941 2056 2264 2123 uexillifer
2292 2059 2537 2122 iustitie
2586 2083 2715 2124 una
2761 2080 2906 2122 cum
2938 2057 3137 2122 offitio
3174 2058 3256 2122 12
3290 2057 3605 2121 bonorum

719 2180 1022 2260 uirorum,
1108 2175 1623 2258 consideranteS,
1683 2174 1856 2262 quod
1914 2176 2035 2241 sub
2084 2175 2273 2240 annis
2323 2174 2666 2239 Dominice
2714 2174 3179 2240 incarnationis
3233 2174 3431 2256 1335,
3512 2173 3605 2236 in·

719 2295 1000 2360 dictione
1048 2294 1108 2377 4,
1161 2293 1238 2356 de
1287 2314 1507 2356 mense
1539 2291 1928 2355 Nouembris
1980 2324 2061 2335 -
2112 2291 2440 2376 prouisum
2474 2301 2537 2355 et
2569 2291 2937 2356 ordinatum
2966 2289 3106 2374 fuit,
3156 2290 3327 2376 quod
3362 2290 3606 2354 domini

709 2411 963 2497 priores
1013 2419 1077 2473 et
1124 2406 1446 2474 uexillifer
1494 2407 1736 2473 iustitie
1784 2430 1915 2472 una
1962 2429 2108 2471 cum
2157 2406 2358 2471 offitio
2412 2408 2492 2472 12
2526 2408 2843 2472 bonorum
2891 2410 3176 2471 uirorum
3223 2417 3490 2493 possent
3522 2441 3604 2450 --

717 2511 832 2614 pro
882 2526 1138 2590 comuni
1183 2523 1512 2589 Florentie
1561 2524 1795 2609 eligere
1844 2534 1907 2587 et
1955 2521 2261 2609 deputare
2311 2546 2426 2588 sex
2474 2524 2679 2587 bonos
2733 2523 2933 2606 uiros,
2983 2523 3354 2609 populareS,
3429 2522 3605 2586 ciues

719 2642 1162 2724 FlorentinOS,
1237 2641 1345 2726 qui
1397 2674 1478 2685 —-
1529 2663 1738 2704 emere
1809 2649 2077 2726 possent
2124 2639 2447 2725 quoddam
2515 2639 2828 2726 palatium
2884 2664 2996 2705 seu
3064 2640 3190 2704 tria
3236 2638 3477 2725 palatia
3544 2649 3606 2702 et

720 2760 944 2824 domos
993 2767 1056 2822 et
1101 2780 1224 2840 reS,
1276 2757 1488 2843 posit-a
1531 2755 1584 2820 F
1588 2757 1861 2823 lorentie
1909 2756 1977 2820 in
2027 2756 2261 2842 populo
2312 2757 2519 2820 sancti
2567 2754 2744 2821 Petri
2777 2753 3132 2838 Scheradii,
3195 2787 3267 2798 -—
3318 2779 3356 2818 a
3401 2754 3606 2819 nobili

721 2875 922 2940 milite.
972 2873 1232 2938 domino
1278 2871 1538 2937 Ridolfo
1587 2873 1664 2936 de
1711 2871 1946 2936 Bardis
1996 2882 2061 2937 et
2106 2873 2289 2938 sotiis
2340 2874 2657 2938 sotietatis
2702 2873 3063 2938 Bardorum
3110 2883 3173 2937 et
3222 2896 3261 2936 a
3306 2894 3606 2957 quacum-

723 3014 845 3078 que
895 3013 1008 3055 seu
1055 2990 1562 3076 quibuscumque
1633 3012 1912 3075 persona
1979 2999 2044 3053 et
2100 2990 2414 3074 personiS,
2490 2990 2571 3054 ad
2629 3012 2823 3074 quam
2868 3012 2983 3054 seu
3051 3012 3209 3074 quas
3283 2987 3607 3052 uendictio

722 3105 1156 3192 predictorum
1224 3104 1635 3191 pallatiorum
1704 3115 1766 3169 et
1832 3129 2049 3170 rerum
2104 3143 2168 3156 --
2228 3106 2594 3192 pertineret,
2640 3128 2755 3192 pro
2789 3106 3015 3192 pretio,
3068 3139 3151 3150 —-
3200 3127 3314 3192 pro
3347 3127 3473 3189 quo
3527 3139 3606 3147 —

724 3223 886 3309 ipsis
935 3245 1050 3287 sex
1094 3223 1285 3286 bonis
1332 3222 1491 3287 uiris
1543 3263 1624 3270 —-
1675 3222 2002 3287 uidebitur
2050 3223 2415 3305 conuenire,
2470 3221 2814 3286 dummodo
2862 3221 3141 3308 pretium
3190 3256 3273 3265 —
3321 3245 3451 3285 non
3500 3243 3607 3284 ex-

727 3338 982 3403 cederet
1031 3377 1112 3386 -——
1163 3337 1588 3422 quantitatem
1636 3347 1884 3424 septem
1943 3339 2194 3403 milium
2263 3338 2652 3402 florenorum
2698 3339 2865 3420 auri3
2938 3347 3001 3401 et
3070 3337 3240 3422 quod
3296 3337 3420 3422 ipsi
3492 3359 3607 3402 sex

726 3455 882 3520 boni
929 3453 1222 3518 homines
1273 3489 1355 3498 —
1404 3465 1670 3540 possent
1717 3465 1925 3520 certos
1972 3455 2262 3519 redditus
2313 3489 2396 3499 ——-
2456 3455 2747 3519 comunis
2794 3453 3120 3518 Florentie
3167 3453 3472 3536 uendere3
3526 3487 3609 3497 —

727 3581 790 3634 et
836 3569 1006 3656 quod
1055 3569 1422 3634 ordinatum
1466 3570 1589 3634 fuit
1655 3594 1770 3656 per
1840 3572 2085 3635 dictum
2133 3593 2428 3654 comune,
2503 3570 2701 3657 quod,
2777 3570 2982 3634 donec
3052 3569 3415 3634 differretur
3466 3570 3609 3632 fieri

728 3686 961 3752 solutio
1021 3685 1212 3772 pretii
1271 3685 1653 3771 supradicti,
1727 3687 2174 3772 prouideretur
2242 3687 2513 3771 eisdem,
2589 3687 2699 3772 qui
2760 3685 3040 3751 uendere
3090 3686 3431 3768 debebant,
3492 3708 3607 3771 pro

729 3801 980 3885 dannis,
1032 3802 1336 3886 expensis
1385 3811 1451 3865 et
1494 3801 1807 3867 interesse
1855 3804 1936 3866 ad
1990 3805 2310 3869 rationem
2364 3803 2675 3867 librarum
2745 3804 2826 3868 15
2882 3826 2998 3889 pro
3069 3802 3357 3888 quolibet
3414 3802 3609 3866 centi-

725 3917 909 3982 nario
958 3917 1300 4002 librarum3
1351 3925 1414 3980 et
1459 3917 1631 4002 quod
1677 3927 1902 4004 postea
1935 3918 2013 3982 de
2061 3918 2221 4004 ipsis
2255 3919 2502 3983 iuribus
2552 3927 2615 3982 et
2654 3919 3013 3983 redditibus
3059 3928 3124 3983 et
3156 3941 3374 3982 eorum
3406 3918 3609 4003 pretio

729 4043 952 4098 exacte
999 4032 1258 4096 fuerunt
1306 4056 1496 4118 quam
1526 4034 1742 4120 plures
1783 4035 2053 4121 pecunie
2090 4034 2479 4121 quantitates
2518 4057 2631 4120 per
2668 4035 2912 4099 dictum
2947 4035 3369 4100 camerarium
3402 4044 3466 4098 et
3498 4057 3612 4119 per

731 4149 974 4213 dictum
1007 4149 1434 4212 camerarium
1464 4150 1670 4214 solute
1705 4149 1896 4214 dictis
1931 4150 2190 4214 domino
2216 4149 2495 4214 Rodulfo
2528 4160 2590 4214 et
2624 4150 2807 4214 sotiis
2841 4161 2904 4214 et
2928 4149 3211 4215 sotietati
3239 4150 3316 4214 de
3341 4149 3608 4231 Bardis3

731 4273 796 4328 et
827 4263 998 4349 quod
1030 4263 1283 4350 prouidi
1313 4263 1452 4348 uiri,
1491 4265 1788 4332 dominus
1823 4263 2091 4331 Conone
2126 4266 2202 4330 de
2238 4263 2634 4350 Couom'bus,
2672 4265 2973 4332 Taddeus
3008 4267 3085 4332 de
3118 4266 3374 4331 Antilla
3405 4277 3467 4330 et
3500 4264 3611 4330 Gi-

731 4381 948 4467 orgius
989 4379 1286 4465 BaroniS,
1333 4379 1388 4444 F
1392 4380 1659 4446 lorentie
1694 4383 1888 4466 ciues,
1925 4382 2114 4447 electi
2144 4380 2403 4448 fuerunt
2433 4406 2549 4470 per
2580 4407 2851 4450 comune
2884 4384 3243 4470 predictum
3276 4384 3359 4449 ad
3390 4383 3613 4448 uiden-

733 4496 883 4561 dum
912 4497 1230 4562 rationem
1262 4505 1636 4562 exactorum
1667 4509 1730 4561 et
1759 4507 2165 4584 receptorum
2196 4522 2312 4585 per
2343 4499 2586 4564 dictum
2616 4499 3013 4583 Niccolaum,
3053 4501 3493 4585 camerarium,
3530 4524 3611 4564 ex

729 4613 977 4676 iuribus
1011 4620 1075 4675 et
1105 4612 1464 4677 redditibus
1498 4613 1806 4698 predictis
1839 4614 2129 4679 comunis
2164 4614 2438 4700 predicti
2471 4625 2535 4678 et
2566 4615 2991 4700 quantitatem
3020 4616 3309 4702 pecunie,
3338 4615 3613 4680 solutam

731 4751 844 4814 per
893 4727 1136 4792 dictum
1170 4729 1592 4792 camerarium
1627 4728 1816 4793 dictis
1852 4728 2133 4795 dominis
2169 4728 2447 4795 Rodulfo
2491 4740 2556 4794 et
2588 4731 2772 4796 sotiis
2804 4739 2869 4794 et
2901 4731 3181 4796 sotietati
3214 4731 3500 4816 predicte
3535 4731 3612 4795 de

729 4844 966 4908 Bardis
993 4853 1127 4908 tam
1160 4844 1237 4907 de
1272 4843 1588 4930 dampnis,
1626 4845 1930 4931 expensis
1965 4854 2029 4910 et
2058 4846 2389 4928 interesse,
2428 4869 2617 4931 quam
2651 4845 2728 4910 de
2762 4855 2930 4911 sorte
2964 4847 3361 4932 infrascripti
3391 4847 3609 4934 pretii3

732 4969 796 5023 et
829 4958 1004 5044 quod
1033 4959 1159 5044 ipsi
1195 4959 1494 5026 dominus
1533 4958 1816 5044 Conone,
1855 4960 2156 5027 Taddeus
2190 4972 2254 5026 et
2286 4960 2611 5046 Giorgius,
2648 4963 2791 5028 uisa
2815 4997 2897 5006 —
2933 4963 3229 5047 diligenti
3256 5003 3338 5013 —
3364 4963 3612 5028 ratione

913 5172 952 5238 ¹)
992 5169 1183 5224 Tiere?
1224 5201 1288 5209 —
1327 5169 1613 5225 Vielleicht
1648 5170 1720 5224 ist
1756 5189 1870 5240 ,seu
1905 5171 2087 5242 plat-ea
2114 5171 2300 5242 palatii
2325 5172 2513 5242 populi
2538 5171 2856 5227 Florentini‘
2896 5173 3012 5227 eine
3050 5191 3330 5246 ungenaue
3354 5172 3617 5228 Bezeicli-

736 5277 884 5334 nung
921 5259 1018 5312 mit
1053 5257 1351 5314 Rficksicht
1387 5258 1480 5314 auf
1512 5259 1598 5313 die
1636 5258 1785 5331 Lago
1823 5259 1920 5313 der
1957 5261 2043 5314 via
2082 5260 2150 5314 de
2186 5259 2466 5317 Bellanda.
