4009 5859
2179 403 2309 472 208

806 589 906 654 bis
975 585 1135 653 uiris
1195 597 1260 652 et
1306 583 1683 651 offitialibus
1733 585 2121 672 supradictis
2171 626 2255 635 —
2306 585 2649 650 uidebitur.
2704 619 2785 629 —-
2833 583 2991 649 Ideo
3041 581 3394 669 supradicti
3443 583 3689 670 priores

805 687 890 750 —4
941 706 1434 788 stantiauerunt,
1487 702 1659 789 quod
1707 702 1959 789 prouidi
2011 713 2075 767 et
2123 702 2386 768 discreti
2433 701 2583 766 uiri:

1026 820 1413 886 Franciscus
1439 819 1651 905 Lippi,
1688 819 2081 905 pelliparius,
2162 854 2247 864 —
2294 819 2428 883 sint
2474 829 2539 882 et
2586 841 2729 884 esse
2779 817 3224 903 intelligantur
3270 841 3385 904 pro
3434 818 3689 883 comuni

1027 937 1263 1004 Pectus
1311 935 1612 1002 Ubertini
2158 933 2487 1000 Florentie
2557 934 2856 1000 offitiales
2924 957 3041 1020 pro
3089 934 3132 998 4
3186 935 3540 1019 mensibuS,
3604 969 3691 978 -—

1030 1052 1308 1118 Torinus
1355 1051 1656 1116 Baldesis
1705 1063 1770 1116 et
2162 1087 2241 1096 —-—
2302 1052 2412 1137 qui
2473 1052 2907 1139 promiserunt
2960 1051 3317 1138 prouidere,
3380 1053 3690 1118 extimare
3794 1093 3801 1098 -

1030 1169 1384 1234 Rinuccius
1433 1167 1740 1232 Bonaccii
2160 1180 2225 1232 et
2294 1168 2445 1232 dare
2516 1177 2580 1233 et
2658 1169 2991 1253 assignare
3063 1167 3254 1232 dictis
3335 1169 3691 1255 capitaneis

809 1288 976 1352 dicte
1025 1285 1340 1352 sotietatis
1417 1319 1488 1327 —
1567 1284 1747 1349 illam
1803 1284 2231 1369 quantitatem
2286 1286 2585 1370 pecunie,
2647 1309 2843 1371 quam
2896 1286 3374 1351 nominauerint
3432 1285 3570 1351 dari
3629 1297 3692 1350 et

806 1403 970 1470 solui
1019 1402 1254 1468 debere
1302 1411 1419 1466 cet.

1029 1569 1247 1638 1021».
1343 1572 1556 1652 Anno,
1603 1571 1964 1656 indictione,
2017 1573 2140 1652 die,
2190 1571 2331 1637 loco
2380 1571 2685 1658 predictis
2734 1568 2823 1659 (p.
2864 1573 2943 1640 77
2961 1571 3045 1657 a).

1029 1706 1294 1772 Petitio:
1369 1703 1607 1772 Coram
1680 1707 1863 1771 uobis
1924 1706 2201 1770 dominis
2260 1706 2581 1792 prioribus
2640 1707 2876 1771 artium
2922 1718 2986 1771 et
3033 1707 3398 1773 uexillifero
3444 1709 3689 1774 iustitie

808 1825 1091 1890 ciuitatis
1140 1823 1466 1888 Florentie
1515 1823 1859 1910 exponitur
1904 1832 2275 1887 reuerenter
2320 1845 2434 1908 pro
2482 1832 2663 1908 parte
2708 1822 3029 1888 Johannis
3073 1822 3393 1890 Guidonis
3444 1825 3521 1890 de
3553 1826 3689 1890 An·

807 1941 1189 2007 t-ellensibus
1237 1951 1301 2004 et
1345 1939 1614 2004 fratrum
1664 1937 1742 2002 de
1790 1936 2153 2020 Florentia,
2206 1937 2377 2022 quod
2426 1937 2724 2004 dominus
2774 1939 3173 2026 Gualterius,
3226 1941 3357 2006 dux
3403 1942 3689 2006 Athena-

807 2082 978 2142 rum,
1051 2067 1365 2143 tempore,
1434 2079 1560 2141 quo
1627 2054 2016 2140 fungebatur
2087 2055 2372 2119 dominio
2445 2055 2727 2120 ciuitatis
2774 2055 3133 2141 Florentie,
3205 2058 3358 2136 fecit
3400 2058 3689 2124 funditus

811 2176 1054 2241 destrui
1103 2197 1216 2240 sex
1257 2172 1704 2257 'domunculaS,
1755 2171 1839 2236 ad
1873 2196 2071 2236 unum
2104 2194 2174 2236 se
2206 2181 2518 2255 tenentes,
2571 2173 2921 2237 eorundem
2949 2172 3273 2239 «Iohannis
3306 2184 3369 2240 et
3398 2175 3687 2258 fratrum,

809 2291 1052 2376 positas
1100 2290 1169 2353 in
1214 2289 1452 2375 populo
1502 2289 1707 2354 sancti
1756 2288 2017 2353 Romuli
2070 2287 2249 2352 iuxta
2294 2287 2572 2374 plateam
2622 2300 2686 2353 et
2730 2289 3047 2374 prefatam
3095 2291 3436 2356 ecclesiam
3484 2292 3689 2356 sancti

807 2406 1097 2488 Romuli3
1148 2406 1382 2491 quibus
1430 2405 1730 2470 omnibus
1779 2428 1816 2469 a
1845 2401 1911 2488 1)
1957 2413 2022 2468 et
2069 2399 2138 2486 2)
2188 2405 2319 2486 uia3
2369 2400 2501 2488 a3)
2549 2404 2869 2470 dictorum
2913 2405 3235 2472 Johannis
3284 2421 3346 2471 et
3392 2406 3687 2490 fratrum3

809 2519 943 2603 a4)
988 2522 1211 2602 Albici
1259 2520 1423 2586 Tani
1474 2521 1578 2585 del
1623 2517 1881 2604 Bene¹).
1935 2555 2016 2564 --
2068 2517 2508 2607 Supplicatur,
2568 2556 2653 2566 —
2704 2522 2873 2608 quod
2940 2521 3261 2608 eligantur
3319 2524 3516 2609 aliqui
3566 2525 3687 2588 uiri

809 2639 1015 2725 probi,
1066 2639 1174 2723 qui
1223 2639 1354 2702 sint
1399 2637 1699 2702 offitiales
1749 2636 1904 2701 dicti
1954 2638 2263 2722 comunis,
2314 2639 2421 2723 qui
2471 2638 2724 2724 possint
2771 2639 3082 2703 extimare
3132 2651 3249 2703 cet.

1035 2796 1191 2865 103.
1285 2800 1472 2864 Anno
1546 2805 1750 2880 1346,
1817 2801 2165 2864 indictione
2236 2807 2350 2880 14,
2418 2802 2521 2864 die
2591 2807 2671 2863 21
2750 2801 3002 2887 Aprilis
3070 2799 3350 2885 (Provis.
3409 2802 3559 2866 filza
3606 2805 3690 2869 35

809 2941 869 3005 p.
921 2919 1001 2981 41
1021 2913 1106 2999 a).
1189 2913 1323 2982 Cfr.
1375 2914 1558 3002 Gaye
1604 2915 1639 2979 I
1686 2939 1746 3001 p.
1783 2917 1933 2981 497.

1032 3074 1192 3141 104.
1288 3077 1476 3142 Anno
1551 3083 1755 3159 1349,
1827 3079 2171 3142 indictione
2217 3086 2291 3159 2,
2363 3079 2465 3142 elie
2535 3087 2619 3142 16
2678 3083 2908 3144 cnemis
2958 3079 3343 3166 Septembris
3410 3079 3689 3164 (ProviS.

809 3194 960 3258 filza
1006 3195 1089 3260 38
1139 3217 1200 3280 p.
1252 3194 1380 3259 8b.
1478 3189 1613 3259 Cfr.
1649 3193 1834 3278 Gaye
1883 3193 1917 3257 I
1965 3218 2026 3280 p.
2053 3189 2232 3276 499).

1032 3319 1301 3384 Domini
1348 3320 1595 3406 priores
1644 3319 1880 3383 artium
1927 3329 1990 3383 et
2037 3318 2359 3384 uexillifer
2388 3320 2634 3384 iustitie
2666 3321 2886 3405 populi
2920 3332 2982 3385 et
3014 3324 3306 3386 comunis
3338 3322 3687 3407 Florentie,

811 3437 1296 3502 considerantes
1344 3437 1742 3524 petitionem,
1797 3436 1890 3500 eis
1939 3435 2223 3500 oblatam
2273 3459 2387 3521 pro
2435 3446 2614 3520 parte
2662 3437 2895 3522 prioris
2944 3460 3058 3502 seu
3104 3440 3370 3504 rectoris
3420 3439 3691 3504 ecclesie

811 3553 1018 3618 sancti
1043 3551 1302 3617 Romuli
1337 3552 1414 3617 de
1438 3551 1770 3618 Florentia
1802 3562 1866 3618 et
1896 3552 2465 3638 parrochianorum
2498 3562 2563 3617 et
2592 3553 2997 3639 popularium
3030 3555 3232 3640 ipsius
3268 3556 3557 3640 ecclesie,
3586 3580 3691 3642 pe-

809 3671 1083 3734 tentium
1114 3670 1181 3734 in
1215 3670 1580 3734 substantia
1611 3679 1676 3734 et
1709 3669 1940 3734 effectu
1971 3669 2464 3734 translationem
2498 3691 2613 3733 seu
2634 3671 3128 3734 remutationem
3154 3671 3426 3735 ecclesie
3453 3694 3690 3735 memo—

810 3795 947 3851 rate
979 3795 1042 3849 et
1075 3785 1242 3849 dicte
1275 3785 1570 3870 petitioni
1603 3795 1980 3868 annuenteS,
2017 3795 2323 3870 tanquam
2356 3785 2500 3849 utili
2533 3784 2703 3849 dicte
2736 3786 3006 3850 ecclesie
3034 3796 3098 3851 et
3120 3788 3233 3871 rei,
3271 3787 3582 3853 facientes
3609 3788 3693 3853 ad

814 3903 1105 3967 decorem
1150 3912 1214 3965 et
1254 3924 1367 3988 pro
1412 3901 1640 3966 decore
1682 3902 1964 3966 ciuitatis
2012 3900 2338 3966 Florentie
2388 3911 2452 3966 et
2497 3903 2777 3966 maxime
2818 3902 3051 3988 palacii
3088 3903 3493 3968 dominorum
3523 3905 3690 3989 prio-

811 4043 950 4084 rum
1001 4019 1238 4083 artium
1283 4017 1504 4104 populi
1535 4016 1915 4100 Florentini,
1967 4018 2149 4081 iuxta
2197 4040 2387 4103 quam
2422 4015 2574 4102 (sic3
2610 4017 2780 4083 wohl
2811 4019 3023 4103 platee
3054 4016 3318 4105 palacii)
3350 4021 3562 4106 posita
3592 4031 3693 4084 est

813 4137 1087 4201 ccclesia
1130 4135 1438 4223 predicta,
1477 4175 1558 4183 —
1593 4134 2031 4220 prouiderunt,
2083 4135 2543 4200 ordinauerunt
2590 4145 2653 4199 et
2699 4136 3187 4219 stantiauerunt,
3241 4135 3413 4222 quod
3454 4138 3691 4222 capita-

812 4254 915 4317 nei
952 4253 1271 4318 sotietatis
1320 4261 1539 4316 sancte
1579 4250 1788 4315 Marie
1837 4252 2043 4315 sancti
2086 4250 2426 4316 Michaelis
2472 4252 2535 4314 in
2570 4248 2730 4315 Ort-o
2773 4251 2850 4314 de
2881 4250 3229 4337 Florentia,
3266 4262 3597 4338 presentes
3631 4265 3694 4316 et

810 4372 1029 4453 futuri,
1081 4380 1143 4434 et
1191 4372 1328 4457 ipse
1379 4371 1549 4457 prior
1597 4393 1712 4434 seu
1760 4379 1969 4434 rector
2018 4369 2187 4432 dicte
2236 4369 2525 4452 ecclesie,
2577 4392 2843 4454 presens
2892 4379 2954 4432 et
2990 4367 3259 4452 futuruS,
3312 4379 3373 4434 et
3406 4370 3691 4454 quinque

813 4511 1061 4571 corum,
1123 4495 1487 4572 computato
1537 4499 1753 4552 tamen
1802 4487 1942 4572 ipso
1993 4486 2203 4571 priore
2251 4509 2365 4551 seu
2410 4483 2748 4569 rectore2),
2801 4521 2883 4530 —-
2933 4486 3186 4572 possint
3232 4487 3451 4571 eisque
3499 4487 3691 4550 liceat

813 4606 983 4670 circa
1029 4604 1518 4669 translationem
1566 4613 1630 4666 et
1675 4604 2199 4687 remutationem,
2266 4602 2772 4686 demolitionem,
2829 4603 3285 4688 repositionem
3336 4614 3398 4666 et
3444 4601 3691 4667 rehedi-

812 4721 1180 4784 ficationem
1230 4719 1398 4784 dicte
1446 4720 1715 4784 ecclesie
1763 4732 1824 4784 et
1873 4719 2307 4784 hedifitiorum
2365 4743 2477 4783 scu
2535 4719 2869 4783 domorum
2914 4720 3082 4784 dicte
3137 4721 3405 4784 ecclesie
3463 4732 3523 4785 et
3578 4743 3692 4806 pro

815 4839 957 4924 ipsa
1004 4837 1278 4901 ecclesia
1325 4847 1390 4900 et
1435 4836 1836 4902 habitatione
1883 4837 2152 4901 rectoris
2187 4837 2476 4901 eiusdem
2510 4847 2887 4922 opportuna,
2938 4835 3160 4900 habita
3189 4837 3398 4921 primo
3430 4835 3695 4901 licentia

997 5003 1036 5069 ¹)
1077 5000 1162 5054 Ob
1204 5000 1300 5053 das
1339 5000 1488 5054 Hans
1529 5000 1626 5055 des
1665 5001 1843 5068 Albici
1883 5001 2017 5055 Tani
2056 5000 2144 5054 del
2184 5001 2333 5054 Bene
2368 5002 2423 5054 in
2460 5000 2651 5072 irgend
2690 5001 2836 5055 einer
2870 5000 3182 5072 Beziehung
3219 5019 3285 5054 zu
3323 5001 3447 5054 dem
3472 5001 3694 5055 Ten-ain

817 5088 914 5143 der
949 5089 1131 5142 Erben
1179 5088 1275 5142 des
1313 5087 1617 5142 Ubaldinus
1658 5088 1842 5142 Ricchi
1889 5096 1941 5142 et
1997 5089 2364 5144 Tanuecius
2414 5089 2614 5144 Guidi
2665 5089 2773 5144 del
2818 5091 2993 5144 Bene
3046 5091 3099 5144 in
3158 5089 3255 5143 der
3296 5089 3557 5144 Urknnde
3594 5090 3697 5144 VII

815 5195 893 5233 nr.
933 5179 998 5232 31
1037 5177 1174 5231 Plan
1213 5177 1236 5230 I
1275 5196 1351 5232 nr.
1380 5178 1446 5232 31
1471 5195 1499 5230 c
1536 5176 1712 5231 steht?

993 5267 1036 5335 ⁸¹)
1079 5266 1208 5319 Also
1250 5265 1348 5318 der
1382 5265 1582 5319 Rector
1616 5283 1721 5319 von
1761 5265 1867 5321 San
1894 5266 2124 5321 Romolo
2162 5267 2273 5321 und
2304 5269 2338 5321 4
2366 5266 2626 5337 Capit-ane
2662 5267 2759 5320 der
2785 5267 3023 5322 Societa'it
3046 5286 3151 5323 von
3178 5266 3253 5322 Or
3279 5267 3384 5323 San
3412 5267 3657 5324 Michelc.
